2917 4975
494 440 619 507 452
1396 439 1802 502 PLA‘roms
2581 440 2700 522 [99

495 611 628 668 cute,
650 617 759 670 qum
780 601 864 651 illa
885 599 1120 651 continet.
1187 594 1341 648 Elatis
1360 598 1505 665 igitur
1524 599 1707 648 ossibus
1727 600 1780 647 in
1801 597 1899 648 suis
1924 597 2358 663 conjunctionibus,
2379 601 2528 660 nervi,
2547 601 2703 665 quiet

492 684 748 734 intendunt
779 691 831 733 et
860 682 1106 731 remittunt
1135 680 1402 736 commode,
1440 679 1641 741 faciunt,
1663 686 1718 728 ut
1749 679 1974 729 flectendi
2004 679 2236 744 cujusquo
2269 680 2463 729 membri
2494 681 2698 730 babeam

491 765 787 826 facultatem,
813 770 956 827 atque
978 763 1104 810 hanc
1140 760 1204 808 ob
1240 774 1431 810 causam
1468 759 1549 808 hlc
1581 759 1781 807 inflexus
1814 759 2021 808 sedeam.
2083 759 2160 809 Ac
2183 774 2337 808 rursus
2358 760 2701 824 disputationis

490 858 610 893 mem
631 845 744 892 alias
766 842 994 907 quasdam
1016 840 1251 905 ejusmodi
1272 855 1436 890 causas
1475 840 1750 903 assignaret,
1770 855 1911 888 voces
1934 853 1983 889 et
2002 840 2160 890 aerem
2184 848 2234 890 et
2255 839 2470 888 auditum
2506 840 2697 906 aliaque

490 922 676 988 generis
707 923 921 987 ejusdem
956 936 1097 985 quam
1136 921 1352 985 plurima,
1390 935 1557 969 causas
1595 921 1859 969 verissimas
1891 921 2171 984 negligensz
2209 920 2432 969 videlieet
2468 922 2695 984 quoniam

489 1001 860 1051 Atheniensibus
884 1001 1052 1050 melius
1076 1000 1228 1049 visum
1248 1001 1390 1049 fuerit
1412 1016 1488 1049 me
1509 1000 1847 1064 condemnare,
1863 999 2070 1064 ideoque
2109 999 2223 1049 mihi
2254 1000 2399 1049 etiarn
2432 1001 2602 1050 melius
2631 1003 2698 1050 sit

488 1082 638 1130 visum
660 1083 739 1131 hic
761 1082 959 1143 sedere3
987 1081 1256 1145 justiusque
1295 1078 1549 1143 judicarim
1583 1086 1933 1142 exspectantem
1963 1080 2074 1127 darc
2099 1094 2276 1143 panas,
2298 1094 2417 1144 quas
2448 1080 2520 1129 illi
2550 1080 2696 1145 jube-

488 1168 590 1209 ant.
624 1160 839 1226 profecto
859 1176 945 1226 per
967 1161 1167 1224 Canem,
1182 1159 1390 1223 jamdiu,
1409 1165 1465 1206 ut
1485 1158 1695 1215 arbitror,
1727 1157 1844 1222 [99]
1878 1158 1928 1207 hi
1949 1159 2080 1206 nervi
2111 1167 2254 1224 atque
2286 1160 2389 1208 bec
2422 1174 2527 1209 ossa
2558 1163 2691 1226 apud

493 1239 805 1303 Megarenses
843 1247 927 1289 aut
946 1240 1159 1288 Boeotios
1190 1246 1368 1302 essent,
1387 1238 1558 1302 ipsius,
1581 1239 1711 1302 quod
1744 1239 1975 1302 optimum
2006 1246 2096 1297 est,
2117 1238 2344 1303 opinione
2374 1240 2534 1288 delata
2550 1258 2568 1302 3
2600 1241 2694 1291 nisi

489 1318 669 1383 justius
687 1320 1026 1385 honestiusque
1063 1320 1349 1389 cena-iissem
1373 1333 1537 1382 poeuas
1563 1316 1745 1369 civitati
1777 1320 2001 1382 pendere,
2032 1333 2339 1382 quascunque
2370 1335 2401 1368 a
2419 1335 2495 1368 me
2515 1318 2693 1384 exigat,

496 1412 641 1463 quam
664 1398 983 1464 subterfugere
1002 1406 1146 1463 atque
1167 1398 1375 1447 exsulem
1400 1397 1570 1446 vivere.
1637 1397 1812 1446 Verum
1837 1398 1948 1447 talia
1966 1399 2185 1462 quadarn
2206 1414 2370 1448 causas
2397 1400 2638 1464 appellare
2657 1416 2692 1448 a

493 1477 677 1528 ratione
697 1487 770 1528 est
789 1479 1163 1528 remotissimum.
1233 1477 1284 1525 Si
1305 1476 1414 1543 quis
1436 1484 1594 1525 autem
1614 1476 1785 1525 dixerit
1802 1478 1979 1542 absqoe
2001 1478 2186 1528 ossibus
2209 1488 2260 1529 et
2279 1479 2437 1529 nervis
2457 1487 2601 1544 atque
2622 1481 2688 1529 si·

487 1557 680 1607 milibus
716 1574 811 1607 non
847 1573 983 1622 posse
1016 1574 1108 1614 rne,
1129 1572 1239 1623 quo
1272 1555 1392 1607 mibi
1424 1557 1644 1606 facienda
1664 1556 1931 1615 videantur,
1953 1558 2168 1622 implere,
2188 1574 2297 1607 vere
2333 1558 2500 1624 utique
2539 1560 2691 1611 dicet.

485 1635 712 1687 Attamen
736 1653 937 1687 asserere
974 1644 1166 1702 propter
1202 1639 1305 1686 brec
1338 1653 1413 1686 me
1444 1636 1620 1700 facere,
1651 1652 1951 1704 quascunque
1972 1637 2115 1696 facio,
2136 1639 2251 1687 dum
2273 1640 2376 1704 ipsa
2397 1647 2554 1689 mente
2576 1656 2690 1705 ago,

486 1728 585 1765 non
608 1726 764 1766 autem
786 1718 892 1781 ejus
911 1718 1041 1782 quod
1063 1718 1293 1782 optimum
1330 1718 1394 1766 sit
1422 1714 1638 1781 optione,
1660 1718 1810 1766 multa
1841 1732 2108 1783 magnaque
2142 1720 2365 1768 sermonis
2398 1719 2692 1785 negligentia

485 1804 629 1846 esset.
694 1797 821 1847 Nam
854 1797 939 1862 qui
975 1797 1043 1847 sic
1079 1805 1153 1846 est
1182 1798 1398 1855 affectus,
1421 1798 1590 1861 nequit
1623 1797 1905 1855 discernere,
1928 1798 2067 1847 aliam
2088 1799 2279 1863 quidem
2301 1816 2404 1849 esse
2426 1816 2582 1849 veram
2617 1803 2688 1850 rei

488 1875 692 1940 alicujus
712 1891 932 1938 causam;
964 1877 1093 1927 aliud
1118 1892 1227 1926 vero
1248 1877 1386 1935 illud,
1415 1878 1519 1926 sine
1539 1891 1636 1941 quo
1656 1877 1765 1942 ipss
1784 1893 1928 1927 causa
1947 1894 2052 1928 esse
2071 1893 2168 1926 non
2190 1886 2347 1943 potest
2363 1895 2523 1929 eausa.
2555 1882 2687 1944 quod

487 1955 681 2020 quidem
700 1957 839 2005 multi
855 1957 968 2006 mihi
990 1958 1227 2015 videntur,
1243 1959 1381 2022 quasi
1397 1959 1446 2007 in
1471 1959 1674 2007 tenebris
1696 1966 2016 2016 attrectantes,
2039 1957 2196 2008 alieno
2218 1960 2459 2024 appellere
2479 1961 2690 2025 nomine,

486 2032 600 2081 dum
621 2048 810 2084 causun
832 2044 1129 2101 nuncupant.
1198 2038 1504 2102 Quapropter
1535 2037 1754 2086 nonnulli
1778 2039 2051 2103 vertiginem
2083 2040 2498 2105 circumponentes
2529 2050 2686 2100 terrm,

484 2113 574 2161 sub
594 2114 715 2162 coelo
736 2130 840 2163 eam
862 2116 1078 2165 stabilem
1099 2115 1298 2165 faciunt.
1332 2117 1415 2165 alii
1435 2133 1546 2167 vero
1568 2126 1792 2181 tanquam
1815 2118 1962 2167 latum
1985 2119 2172 2183 pistoris
2201 2120 2388 2170 alveum
2418 2121 2528 2169 aere
2548 2122 2686 2170 velut

484 2193 599 2243 base
619 2194 913 2246 suffulciunt.
978 2194 1249 2245 Potentiam
1273 2211 1383 2245 vero
1405 2197 1576 2261 ipsam,
1595 2213 1692 2262 qua
1713 2212 1842 2247 aune
1864 2198 1931 2246 ita
1950 2199 2182 2263 disposita
2203 2200 2283 2258 sit,
2305 2210 2359 2248 ut
2379 2199 2553 2264 optime
2581 2201 2688 2250 dis·

484 2272 601 2336 poni
625 2280 825 2337 poterat,
848 2290 1003 2338 neque
1023 2275 1301 2340 perquirunt
1335 2291 1492 2341 neque
1531 2277 1839 2326 demonioam
1877 2279 2112 2341 quandam
2149 2279 2321 2329 babere
2342 2281 2437 2328 vim
2475 2289 2644 2346 putant
2661 2298 2680 2330 ε

484 2353 570 2401 sed
592 2352 837 2403 Atlantem
859 2355 1098 2420 quendam
1118 2355 1423 2405 robustiorem
1446 2365 1498 2405 et
1514 2356 1909 2422 immortaliorem,
1925 2359 2166 2424 magisque
2182 2360 2339 2408 omnia
2358 2361 2679 2425 continentem

484 2431 722 2482 invenisse
742 2449 792 2483 se
814 2435 1087 2501 opinantur.
1117 2435 1272 2502 ipsum
1296 2444 1451 2486 autom
1476 2437 1652 2487 bonum
1674 2446 1817 2503 atque
1837 2439 2014 2489 decens
2051 2442 2332 2491 connectere
2361 2448 2506 2505 atque
2526 2442 2679 2492 eoam.

486 2528 772 2565 uererevera
790 2516 907 2565 nihil
931 2517 1217 2569 existimant.
1285 2517 1388 2583 Ego
1409 2518 1552 2582 igitur
1572 2519 1874 2568 libentissime
1903 2520 2111 2585 cujusvis
2146 2537 2296 2570 essem
2330 2522 2610 2587 discipulus,
2629 2530 2682 2570 ut

485 2597 883 2657 quemadmodum
906 2612 955 2644 se
975 2597 1147 2645 habeat
1167 2598 1269 2648 hoc
1291 2598 1396 2662 ipsa
1432 2613 1593 2657 causa,
1614 2600 1862 2649 discerem.
1926 2600 2185 2667 Postquam
2206 2617 2316 2651 vero
2347 2603 2439 2652 bac
2474 2604 2684 2667 privatus

484 2688 587 2721 sum
607 2691 624 2734 ;
655 2690 812 2737 neque
833 2675 935 2738 ipse
956 2675 1165 2724 invenire
1194 2692 1351 2741 neque
1372 2679 1432 2727 ab
1452 2678 1548 2727 alio
1570 2679 1753 2729 discere
1774 2681 1942 2744 potui:
1976 2683 2233 2731 secundam
2249 2683 2599 2746 navigationem
2617 2683 2680 2732 ad

485 2765 675 2801 caum
696 2753 1070 2816 investigandam
1093 2755 1286 2804 molitus
1305 2771 1424 2805 sum.
1493 2757 1663 2824 Visne,
1680 2776 1711 2808 o
1732 2760 1909 2823 Cebes,
1930 2763 2055 2812 hauc
2080 2762 2166 2811 tibi
2197 2778 2228 2811 a
2248 2778 2324 2812 me
2343 2762 2680 2812 demonstrari?

485 2831 581 2881 Cn.
615 2831 821 2881 Mirifice
837 2834 1001 2897 cupio.
1066 2834 1152 2887 So.
1186 2833 1364 2885 Censui
1388 2837 1600 2899 tandem,
1622 2854 1731 2888 cum
1753 2841 1802 2888 in
1823 2842 1962 2889 rebus
1981 2841 2334 2891 considerandis
2347 2841 2448 2905 jam
2471 2843 2682 2892 defessus

483 2925 652 2968 essem
671 2912 935 2961 cavendum
957 2913 1077 2978 fore,
1100 2930 1162 2962 ne
1185 2914 1300 2964 mihi
1319 2916 1446 2965 idern
1469 2917 1724 2978 accideret,
1755 2920 1885 2983 quod
1907 2921 2121 2970 accidere
2143 2921 2236 2971 illis
2264 2922 2405 2981 solet,
2423 2923 2513 2986 qui
2532 2924 2581 2972 in
2603 2936 2680 2970 so-

482 2991 576 3040 lem
598 2991 898 3042 deficientem
920 2993 1074 3057 figunt
1091 2993 1334 3045 intuitum.
1368 2997 1593 3046 orbantur
1614 2999 1746 3048 enim
1775 3015 2114 3065 nonnunquam
2136 3002 2258 3060 visu,
2279 3003 2372 3051 nisi
2389 3002 2444 3052 in
2463 3002 2680 3068 aquavcl

478 3073 531 3121 in
549 3072 783 3137 ejusmodi
805 3073 964 3141 aliquo
986 3074 1239 3140 imaginem
1260 3075 1368 3140 ejus
1389 3077 1643 3142 aspiciant.
1704 3080 1824 3130 Tale
1843 3082 2069 3145 quiddam
2091 3097 2181 3147 ego
2203 3085 2433 3147 reputavi,
2451 3082 2678 3148 timuique

480 3169 545 3203 ne
565 3153 748 3203 anirnus
770 3154 883 3202 mihi
908 3170 1094 3219 prorsus
1114 3167 1449 3220 occaecaretur,
1470 3158 1511 3207 si
1533 3160 1683 3209 oculis
1705 3174 1779 3209 res
1802 3162 2060 3226 aspicerem
2092 3178 2326 3228 sensuque
2364 3164 2580 3228 quolibet
2603 3170 2680 3211 at-

479 3232 661 3297 tingere
681 3233 788 3282 illas
807 3236 1099 3299 aggrederer.
1166 3237 1470 3302 Quapropter
1506 3255 1662 3304 operm
1697 3241 1900 3304 pretium
1936 3257 2045 3291 esse
2082 3244 2264 3308 censui,
2283 3251 2340 3292 ut
2377 3244 2440 3293 ad
2474 3244 2674 3293 rationes

479 3314 780 3377 confugerem
817 3322 961 3379 atque
997 3317 1048 3364 in
1084 3315 1180 3366 illis
1213 3333 1362 3367 rerum
1384 3319 1628 3369 veritatem
1663 3322 2021 3371 considerarem.
2088 3322 2230 3372 Forte
2250 3340 2360 3373 vero
2398 3330 2556 3374 nostra
2575 3325 2677 3373 bac

481 3393 741 3442 similitudo
763 3410 861 3444 non
899 3396 1030 3444 omni
1054 3413 1111 3445 ex
1146 3406 1278 3461 parte
1309 3401 1547 3463 congruit.
1581 3401 1729 3465 [100]
1760 3417 1859 3450 non
1894 3403 2019 3451 enim
2061 3419 2248 3468 prorsus
2285 3405 2530 3468 assentior,
2545 3420 2675 3467 eum,

478 3472 564 3537 qui
586 3486 658 3521 res
678 3473 731 3521 in
753 3474 1014 3525 rationibus
1035 3479 1398 3543 contemplatur,
1420 3481 1473 3529 iu
1507 3480 1789 3546 imaginibus
1810 3482 2019 3547 aspicere
2041 3486 2201 3549 potius
2222 3499 2361 3549 quam
2383 3485 2538 3550 quiin
2560 3499 2672 3548 ope·

477 3552 607 3602 ribus
642 3551 867 3603 intuetur.
934 3554 1271 3608 Verumtamen
1305 3559 1394 3609 hac
1432 3562 1510 3610 via
1547 3561 1638 3611 iter
1670 3563 1818 3612 direxi
1852 3579 2027 3628 meum,
2052 3580 2419 3630 supponensque
2448 3564 2674 3613 rationem

477 3648 681 3699 semper,
715 3649 858 3700 quam
898 3647 1001 3683 esse
1032 3636 1204 3698 judico
1245 3639 1596 3700 validissimam,
1632 3657 1930 3708 quecunque
1964 3645 2076 3694 huic
2113 3660 2374 3694 consonare
2409 3644 2674 3708 videantur,

478 3727 608 3776 pono
630 3716 848 3780 equidem
888 3723 1113 3779 tanquam
1152 3734 1260 3767 vera
1273 3737 1288 3780 ς
1322 3719 1467 3785 idque
1504 3737 1594 3786 ago
1627 3730 1679 3772 et
1709 3724 1834 3773 circa
1866 3740 2018 3787 rerum
2058 3740 2224 3774 causas
2258 3733 2311 3774 et
2337 3724 2464 3775 circs
2496 3725 2671 3789 reliqua

479 3795 639 3842 omnia
655 3812 671 3845 z
707 3812 815 3860 quae
837 3812 948 3846 vero
970 3795 1237 3863 dissonant,
1257 3814 1370 3848 vera
1403 3818 1506 3850 esse
1541 3818 1682 3868 nego.
1748 3804 1875 3854 Volo
1893 3806 2131 3870 equidem,
2153 3821 2260 3871 qum
2282 3805 2412 3869 dico,
2432 3806 2523 3855 tibi
2537 3821 2668 3870 sper·

479 3869 575 3918 tius
593 3873 859 3935 explanare.
892 3886 1010 3942 puto
1027 3878 1154 3927 enim
1178 3886 1226 3928 te
1261 3880 1476 3930 nondum
1516 3883 1796 3948 intelligere.
1861 3885 1958 3934 Ca.
1990 3885 2083 3935 Per
2101 3886 2293 3942 Jovem‚
2312 3885 2442 3934 baud
2461 3886 2665 3934 multum.

478 3947 566 3999 So.
600 3949 973 4017 Verum-,novum
997 3957 1112 4006 nihil
1136 3960 1324 4009 adduco
1342 3976 1358 4022 3
1391 3961 1476 4010 sed
1497 3976 1606 4027 qum
1626 3971 1677 4012 et
1699 3978 1825 4028 srepe
1842 3964 1958 4014 alias
1976 3967 2087 4014 etin
2103 3965 2330 4029 superiori
2353 3965 2667 4031 disputatione

475 4029 633 4080 dicere
655 4044 898 4094 nunquam
936 4035 1116 4086 destiti.
1183 4039 1336 4105 Pergo
1367 4041 1469 4106 jam
1506 4041 1646 4107 igitur
1668 4044 1988 4093 demonstrare
2008 4045 2093 4094 tibi
2108 4060 2262 4095 causa»
2283 4045 2510 4109 speciem,
2528 4058 2668 4109 quam

473 4109 700 4161 continue
721 4115 1026 4176 pertractavi3
1060 4130 1116 4164 ac
1151 4119 1294 4167 redeo
1325 4121 1386 4169 ad
1422 4122 1506 4171 illa
1529 4121 1631 4187 jam
1669 4123 1847 4187 saepius
1885 4126 2153 4183 decantata,
2171 4126 2233 4174 ab
2253 4126 2420 4190 eisque
2441 4125 2668 4179 exordior,

472 4206 747 4256 supponens
766 4191 944 4257 aliquid
979 4208 1082 4243 esse
1114 4195 1266 4258 ipsum
1299 4213 1383 4262 per
1413 4216 1467 4249 se
1501 4202 1747 4265 pulchrum
1782 4211 1834 4254 et
1865 4203 2043 4253 bonum
2082 4213 2134 4254 et
2169 4221 2410 4269 magnum,
2430 4214 2482 4253 et
2514 4213 2667 4254 cetera

474 4273 650 4322 omnia.
679 4288 787 4337 qum
824 4274 1015 4338 quidem
1053 4274 1093 4323 si
1123 4283 1174 4324 tu
1210 4277 1326 4326 mihi
1357 4280 1566 4342 dederis,
1600 4298 1752 4347 eaque
1786 4301 1888 4334 esse
1922 4285 2226 4348 concesseris,
2247 4301 2386 4351 spero
2409 4285 2574 4334 tibica
2593 4285 2666 4333 his

472 4349 623 4412 ipsam
660 4368 848 4403 causam
876 4358 1195 4406 demonstrare
1214 4375 1228 4418 ;
1263 4358 1472 4424 itemque
1511 4362 1739 4422 invenire,
1776 4381 1878 4413 esse
1933 4366 2138 4418 animam
2179 4365 2505 4416 immortalem.
2572 4367 2666 4414 Ct.

476 4429 625 4484 Quasi
648 4448 755 4480 vero
765 4432 866 4495 jam
890 4436 974 4487 tibi
993 4439 1318 4497 concesserim,
1342 4441 1456 4492 nihil
1481 4443 1568 4493 tibi
1590 4460 1712 4509 opus
1729 4454 1806 4520 αὶ
1822 4446 2075 4510 prmludio,
2094 4462 2191 4512 quo
2225 4446 2380 4496 minus
2409 4444 2511 4509 jam
2542 4461 2656 4497 con-
