2917 4975
492 398 572 456 24
1382 391 1787 452 mroms
2535 397 2683 476 [270

497 554 711 612 oportere
731 545 990 610 discipulos
1010 559 1118 592 suos
1138 542 1326 608 propria
1346 542 1575 591 industria
1594 557 1881 606 comparare.
1944 541 2087 591 Pus.
2118 541 2247 592 Talis
2281 545 2512 609 profecto,
2543 562 2574 595 o
2595 547 2684 598 80.

500 636 667 684 crates,
689 642 761 674 ars
781 627 866 674 illa
883 625 1068 672 videtur
1084 639 1205 681 esse,
1227 638 1367 686 quam
1388 622 1467 670 isti
1486 629 1709 686 tanquam
1738 622 2014 672 rhetoricam
2046 623 2239 686 docent,
2268 631 2318 672 et
2337 625 2562 675 scribunt.
2628 642 2686 677 ac

502 706 616 755 mihi
636 707 806 755 videris
828 720 936 753 vera
956 703 1142 752 dixisse.
1207 701 1383 750 Verum
1405 701 1599 750 oratoris
1621 701 2001 766 persuasorisque
2019 701 2115 751 veri
2130 710 2274 751 artem
2294 719 2497 768 quonam
2519 715 2684 769 pacto,

500 794 552 835 et
569 787 696 834 unde
718 783 855 833 nobis‘
874 784 1110 831 vindicare
1133 781 1419 845 poterimus?
1486 782 1567 829 80.
1602 781 1981 831 Consentaneum
2003 790 2092 837 est,
2113 798 2143 830 0
2163 782 2380 840 Phaedre,
2401 785 2520 833 sorte
2538 784 2682 834 etiam

499 865 824 923 necessarium,
845 863 1237 927 quemadmodum
1259 862 1310 910 in
1330 863 1516 919 ceteris,
1539 862 1607 909 ita
1625 871 1677 909 et
1695 863 1748 910 in
1767 863 1856 911 hoc
1874 864 2128 912 certamine
2142 866 2408 927 peragendo
2423 866 2682 929 perfectum

498 961 616 995 esse.
640 945 817 1010 quippe
838 945 877 992 si
909 943 995 992 tibi
1014 950 1198 1002 natura,
1218 949 1273 990 ut
1294 943 1358 991 sis
1378 949 1548 999 orator,
1582 942 1809 999 tribuerit,
1842 943 2097 992 accedente
2127 944 2342 993 doctrina
2374 953 2425 994 et
2457 946 2683 995 exercita-

498 1026 630 1074 tione
649 1024 883 1074 excellens
903 1023 994 1071 eris
1012 1030 1195 1071 orator:
1230 1021 1272 1071 si
1290 1020 1406 1086 quid
1430 1038 1540 1070 vero
1561 1021 1651 1070 tibi
1673 1021 1864 1069 istorum
1887 1023 2105 1078 defuerit,
2127 1039 2320 1073 mancus
2343 1025 2451 1076 eris.
2487 1026 2683 1084 Quanta

499 1119 608 1153 vero
630 1120 701 1153 ars
722 1103 991 1166 hujusmodi
1013 1103 1091 1160 sit,
1112 1119 1208 1151 non
1227 1117 1285 1150 ea
1303 1104 1400 1159 via,
1421 1117 1564 1166 quam
1585 1100 1785 1165 Gorgias
1806 1108 1857 1149 et
1883 1101 2258 1167 Thusymacbus
2277 1105 2426 1153 secuti
2447 1114 2575 1161 sunt,
2595 1106 2682 1154 sed

501 1183 593 1231 alia
614 1185 790 1247 potius,
811 1190 1022 1231 constare
1041 1182 1241 1230 videtur.
1275 1182 1419 1232 Pnat.
1454 1181 1671 1238 Quanam
1693 1182 1925 1229 maxime?
1991 1181 2078 1230 80.
2109 1182 2325 1239 Videtur,
2344 1201 2375 1232 o
2396 1185 2464 1231 vir
2484 1185 2681 1249 optime,

499 1278 596 1311 non
618 1263 787 1326 injuria
806 1262 1011 1310 Pericles
1031 1268 1262 1309 oratorum
1281 1261 1489 1309 omnium
1511 1261 1871 1325 perfectissimus
1889 1260 2135 1310 exstitisse.
2199 1262 2342 1312 Pau.
2363 1263 2495 1313 Cur?
2530 1263 2681 1328 [27⁰]

500 1343 588 1392 80.
618 1343 813 1407 Magum
833 1341 1058 1407 quolibet
1076 1349 1197 1389 artes
1218 1341 1556 1389 exercitatione
1585 1340 1854 1398 dialectiea,
1887 1341 2380 1407 contemplationeque
2413 1341 2680 1391 sublimium

498 1422 550 1469 in
570 1431 734 1471 natura
754 1437 904 1471 rerum
938 1421 1170 1485 indigent.
1235 1421 1341 1484 ipsa
1376 1420 1504 1469 enirn
1526 1420 1696 1469 mentis
1717 1420 1997 1482 sublimitas,
2015 1427 2067 1469 et
2086 1420 2155 1468 vis
2176 1421 2340 1469 efficax
2373 1423 2421 1469 in
2442 1423 2609 1486 quavis
2628 1438 2680 1471 re

498 1502 800 1565 perficienda,
828 1502 939 1550 hinc
975 1501 1323 1564 quodammodo
1346 1499 1581 1563 proticisci
1607 1500 1856 1549 videntur:
1890 1501 2018 1565 quod
2052 1499 2259 1549 Pericles
2289 1502 2349 1548 ad
2370 1501 2546 1564 ingenii
2566 1516 2681 1550 acu-

500 1596 610 1629 men
644 1580 875 1643 adjunxit.
942 1579 1233 1642 Anaxagora
1267 1593 1491 1641 namque,
1531 1580 1800 1641 hujusmodi
1833 1594 1984 1627 rerum
2022 1579 2325 1643 indagatoris,
2364 1580 2682 1629 familiaritate

493 1659 657 1716 fretus,
676 1657 1059 1720 contemplationi
1080 1674 1131 1705 se
1150 1657 1360 1718 tradidit,
1376 1656 1641 1719 mentisque
1660 1664 1710 1704 et
1729 1657 1979 1705 dementire
1998 1665 2209 1704 naturam
2230 1656 2357 1704 illam
2374 1661 2683 1721 comps-eben·

498 1739 587 1794 dit,
606 1738 670 1785 de
690 1752 786 1801 qua
803 1736 1108 1798 Anaxagoras
1137 1735 1310 1782 diffuse
1337 1734 1571 1781 disseruit.
1638 1735 1767 1781 unde
1800 1736 1862 1783 ad
1896 1735 2087 1782 dicendi
2114 1744 2277 1796 artem,
2297 1736 2462 1798 quod
2446 1738 2538 1798 ipsi
2562 1753 2683 1786 con-

497 1818 669 1865 ducere
689 1817 950 1871 videbatur,
973 1814 1191 1862 traduxit.
1256 1813 1397 1861 Pnat.
1429 1813 1685 1869 Quomodo
1707 1812 1832 1861 istud
1855 1813 1958 1861 ais?
2021 1814 2105 1862 So.
2139 1814 2372 1862 Medendi
2403 1814 2514 1862 artis
2534 1824 2682 1879 atque

494 1896 686 1946 dicendi
714 1896 881 1944 eadem
915 1894 1059 1943 ferme
1094 1892 1214 1941 ratio
1242 1899 1332 1942 est.
1401 1892 1542 1941 Pan.
1576 1893 1799 1950 Quonam
1820 1901 1989 1957 pacto.
1978 1894 1997 1928 Ρ
2061 1893 2241 1942 So.1n
2273 1893 2480 1957 utrisque
2518 1896 2686 1958 partiri

494 1983 706 2024 naturam
738 1981 942 2039 oportet,
960 1973 1165 2038 corporis
1182 1972 1407 2036 quidem
1394 1987 1444 2019 rn
1467 1987 1579 2029 nna,
1601 1973 1655 2021 in
1675 1973 1820 2020 altera
1847 1973 2047 2021 animm.
2082 1974 2124 2022 si
2155 1975 2298 2021 modo
2328 1989 2426 2021 non
2452 1975 2681 2023 exercita-

492 2056 623 2105 tione
644 2055 793 2103 solum
814 2062 863 2102 et
882 2069 989 2111 usu,
1012 2069 1165 2102 verum
1198 2052 1338 2102 etiam
1371 2060 1488 2109 arte,
1509 2053 1693 2116 corpori
1724 2053 1981 2102 medicinas
2010 2060 2061 2101 et
2091 2051 2315 2101 alimenta
2334 2053 2405 2102 ita
2423 2054 2485 2103 sis
2506 2055 2676 2117 probi-

494 2143 642 2192 turns,
666 2142 719 2182 ut
752 2142 802 2183 et
821 2149 988 2182 sanum
1024 2141 1074 2183 et
1108 2134 1347 2181 robustum
1382 2131 1593 2194 efficias3
1623 2132 1792 2181 animm
1826 2141 1982 2181 autem
2019 2149 2102 2197 per
2122 2133 2322 2182 rationes
2351 2133 2677 2198 legitimasque

489 2215 809 2264 institutiones
846 2215 1191 2278 persuasionem
1227 2212 1407 2261 affatim
1446 2213 1758 2278 virtutemque
1777 2212 2084 2265 adhibiturus.
2147 2213 2288 2261 Pnae.
2321 2212 2399 2261 Ita
2429 2214 2678 2264 verisimile

491 2305 582 2353 est,
603 2311 633 2343 o
654 2296 885 2344 Socrates.
916 2295 1002 2343 80.
1024 2293 1209 2342 Animas
1230 2308 1339 2341 vero
1360 2300 1572 2342 naturam
1594 2294 1773 2357 absque
1800 2293 1946 2341 totius
1965 2299 2133 2342 natura
2153 2289 2434 2342 sufficienter
2451 2294 2677 2358 cognosci

490 2391 631 2439 posse
651 2375 924 2425 existimas?
958 2375 1100 2423 Pam.
1120 2374 1174 2422 si
1196 2373 1499 2437 Hippocrati,
1522 2373 1784 2437 AEscnlapii
1805 2374 2080 2431 successori,
2100 2374 2387 2423 credendum
2405 2382 2497 2436 est,
2516 2389 2675 2438 neque

489 2456 635 2505 etiam
671 2455 879 2520 corporis
913 2461 1125 2503 naturam
1156 2454 1256 2503 sine
1293 2453 1508 2504 doctrina
1547 2439 1816 2517 hujusmodi
1852 2454 2187 2518 comprehendi
2217 2468 2353 2518 posse
2385 2454 2674 2517 putabimus.

492 2537 576 2584 80.
609 2537 738 2584 Scite
762 2535 986 2599 loquitur,
1007 2550 1037 2582 o
1056 2534 1226 2583 amice.
1256 2542 1444 2598 oportet
1464 2541 1620 2583 autem
1645 2542 1809 2598 praeter
1830 2534 2167 2599 Hippocratem
2187 2534 2495 2590 considerare,
2515 2541 2675 2583 utrum

489 2613 822 2679 disputationis
836 2615 973 2662 nobis
993 2614 1112 2662 ratio
1139 2623 1382 2663 consonet.
1445 2614 1589 2663 Pan.
1626 2614 1882 2663 Assentior.
1948 2614 2032 2662 So.
2065 2612 2144 2661 De
2180 2620 2359 2660 natum
2391 2613 2534 2675 igitur
2564 2628 2674 2677 per-

490 2694 774 2743 scrutatione
792 2694 906 2758 quid
932 2694 1263 2758 Hippocrates,
1285 2701 1337 2743 et
1372 2709 1484 2743 vera
1517 2694 1635 2743 ratio
1665 2694 1813 2751 dicat,
1845 2694 2053 2741 attende.
2120 2692 2201 2739 An
2237 2691 2421 2739 nonita
2440 2691 2675 2755 cujusque

488 2780 656 2822 natura
673 2773 981 2837 excogitanda
1000 2775 1105 2822 est?
1136 2774 1284 2838 primo
1322 2774 1532 2837 quidem,
1571 2782 1722 2822 utrum
1760 2772 1957 2836 simplex
1992 2771 2110 2820 illud
2132 2771 2210 2828 sit,
2231 2785 2293 2818 an
2313 2770 2577 2834 multiplex,
2609 2773 2675 2819 de

492 2869 590 2918 quo
610 2861 661 2902 et
679 2854 769 2917 ipsi
789 2855 960 2902 habere
980 2861 1143 2912 artem,
1175 2862 1227 2902 et
1245 2853 1349 2903 aliis
1379 2854 1492 2902 dare
1527 2868 1663 2916 posse
1695 2853 2042 2902 desideramusz
2076 2851 2270 2907 deinde,
2302 2851 2340 2897 si
2359 2856 2434 2898 est
2452 2850 2673 2913 simplex,

490 2933 886 2999 investigandum,
914 2950 1072 2998 quam,
1091 2942 1143 2983 et
1160 2936 1222 2983 ad
1244 2935 1359 2998 quid
1381 2935 1430 2982 in
1464 2934 1669 2998 agendo,
1689 2948 1936 2997 rursusque
1958 2946 2116 2997 quam,
2137 2939 2186 2979 et
2209 2946 2238 2979 a
2257 2946 2352 2994 quo
2372 2930 2424 2977 in
2445 2931 2674 2993 patiendo

485 3020 652 3062 natura
688 3013 786 3061 vim
821 3013 1008 3063 babeat.
1073 3013 1217 3070 Quod
1253 3012 1294 3060 si
1327 3013 1510 3076 species
1547 3014 1692 3062 habet
1724 3013 1914 3068 multas,
1950 3013 2024 3060 his
2061 3010 2363 3058 dinumeratis
2397 3010 2445 3057 in
2476 3011 2673 3075 singulis

486 3092 701 3141 similiter
734 3106 793 3139 ac
828 3091 880 3138 in
918 3105 1032 3150 uno,
1064 3091 1287 3138 naturalis
1322 3100 1373 3139 et
1408 3088 1582 3151 agendi
1622 3096 1673 3136 et
1705 3090 1921 3151 patiendi
1958 3089 2028 3135 vis
2056 3088 2349 3151 inquirenda.
2415 3088 2557 3138 Pru.
2589 3091 2672 3139 8ὶο

486 3177 701 3234 apparet,
720 3185 752 3216 o
770 3170 1001 3219 Socrates.
1065 3168 1151 3216 So.
1184 3167 1298 3215 Sine
1318 3167 1394 3215 bis
1412 3182 1523 3215 vero
1545 3167 1825 3230 progressio,
1847 3174 2073 3231 tanquam
2105 3168 2220 3216 coci
2238 3167 2330 3216 iter
2347 3182 2450 3216 esse
2469 3168 2672 3219 videtur.

485 3264 583 3296 non
610 3255 775 3294 tamen
796 3259 924 3292 creco
961 3242 1034 3291 vel
1071 3245 1229 3298 surdo,
1266 3245 1351 3305 qui
1386 3253 1486 3293 arte
1509 3253 1677 3295 tractat
1696 3246 1893 3310 aliquid,
1915 3254 1990 3295 est
2006 3248 2377 3310 comparandus:
2411 3248 2495 3296 sed
2517 3255 2683 3312 patet‚·

481 3327 612 3392 quod
634 3322 845 3388 quisquis
859 3330 958 3369 arte
977 3321 1122 3368 alicui
1140 3335 1377 3368 sermones
1395 3324 1737 3385 accommodat,
1757 3332 1968 3373 naturam
1998 3327 2271 3375 substantio
2290 3328 2418 3375 illius
2437 3328 2670 3390 exquisita

483 3402 779 3464 monstrabit,
842 3401 919 3449 cui
956 3414 1192 3448 sermones
1225 3400 1448 3449 adhibet:
1481 3401 1534 3449 id
1568 3408 1725 3450 autem
1760 3410 1836 3450 est
1869 3403 2042 3453 aniraa.
2108 3406 2251 3455 Pru.
2280 3407 2474 3469 Absque
2501 3407 2670 3459 dubio.

484 3486 571 3534 80.
604 3482 782 3531 Nonne
802 3481 864 3528 ad
883 3479 934 3528 id
956 3480 1160 3527 studium
1177 3479 1304 3528 illius
1324 3495 1465 3529 omne
1483 3481 1748 3538 contendit,
1772 3481 1862 3545 [2⁷
1870 3482 1922 3545 1]
1944 3492 1998 3531 ut
2016 3485 2127 3534 huic
2143 3487 2331 3550 penitus
2353 3486 2666 3549 persuadeat?

484 3565 627 3615 Pan.
683 3561 890 3610 Prorsus.
955 3560 1037 3608 80.
1090 3560 1292 3609 Constat
1331 3561 1488 3624 igitur,
1530 3562 1660 3625 quod
1712 3560 2108 3628 Thrasymachus,
2147 3574 2198 3614 et
2237 3565 2505 3629 quicunque
2545 3564 2667 3613 alius

481 3642 727 3691 tradendae
745 3639 978 3690 incumbit
996 3639 1260 3698 rhetos-iem
1279 3639 1428 3704 primo
1448 3641 1641 3705 quidem
1665 3656 1847 3691 summa
1872 3643 2116 3707 diligentia
2133 3643 2391 3694 deam-ibere
2409 3644 2668 3694 dedat-are·

484 3737 579 3785 que
612 3721 821 3778 debebit,
839 3729 994 3769 utrum
1013 3720 1169 3769 anima
1190 3721 1461 3770 namraliter
1488 3736 1654 3779 unum,
1681 3730 1732 3770 et
1762 3723 1988 3786 quiddam
2023 3724 2176 3773 simile
2195 3725 2272 3782 sit,
2306 3739 2368 3772 an
2405 3726 2665 3774 secundum

481 3801 677 3849 formam
711 3801 917 3865 corporis
948 3801 1213 3866 multiplex.
1276 3803 1371 3850 hoc
1402 3802 1532 3851 enim
1573 3817 1675 3850 esse
1705 3803 1925 3861 dicimus,
1957 3811 2168 3852 naturam
2189 3805 2455 3855 ostendere.
2523 3804 2666 3854 Pae.

483 3879 710 3931 Omnino.
755 3881 840 3930 So·
872 3882 1110 3939 Secundo,
1131 3882 1251 3946 quid
1269 3881 1425 3931 facere
1439 3883 1632 3947 cuique,
1651 3882 1827 3946 quidve
1847 3898 1875 3931 a
1893 3898 2083 3948 quoque
2103 3885 2201 3949 pati
2220 3893 2382 3949 queat,
2401 3885 2664 3935 ostendere.

482 3959 626 4008 Pna.
657 3960 814 4010 Certe.
844 3962 929 4013 So.
960 3962 1138 4019 Tertio,
1158 3961 1394 4011 distinctis
1413 3977 1674 4012 sermonum
1687 3963 1950 4027 animoque
1971 3964 2216 4028 generibus
2236 3972 2381 4029 atque
2400 3964 2666 4022 affectibus,

481 4054 647 4088 causas
667 4055 831 4089 omnes
848 4055 1131 4103 percurrere,
1149 4042 1335 4106 singula
1365 4043 1563 4105 singulis
1595 4044 1975 4107 accommodans,
2007 4043 2296 4108 docensque,
2315 4043 2469 4108 qualis
2490 4044 2664 4101 anima,

481 4120 701 4185 qualibus
720 4120 1025 4178 sermonibus,
1046 4135 1247 4185 quamve
1266 4123 1329 4171 ob
1347 4136 1538 4170 uuam
1571 4123 1834 4171 necenario
1854 4123 1958 4171 haee
1978 4123 2169 4186 quidem
2191 4129 2421 4180 movemr,
2451 4122 2534 4172 illa
2553 4136 2664 4172 vero

480 4214 794 4266 nequaquam.
855 4199 996 4251 Pnae.
1027 4199 1451 4259 Poeclarissimum,
1475 4209 1528 4251 ut
1547 4202 1750 4265 videtur,
1770 4203 1861 4251 boo
1882 4210 2020 4251 esset.
2085 4202 2167 4253 So.
2200 4202 2374 4266 Neque
2393 4202 2536 4266 igitur
2553 4204 2664 4259 hoc,

482 4297 514 4328 o
535 4281 701 4338 amice,
720 4294 876 4344 neque
896 4278 1027 4326 aliud
1059 4279 1335 4344 quidquam,
1363 4281 1403 4330 si
1433 4281 1570 4331 aliter
1592 4289 1832 4339 tractetur,
1870 4281 2117 4330 artificiose
2150 4296 2357 4345 unquam
2378 4281 2664 4329 tractabitur.

482 4359 647 4409 Nostri
668 4376 776 4410 vero
799 4360 852 4407 in
874 4360 964 4407 bac
984 4367 1084 4408 arte
1104 4361 1364 4425 scriptores,
1386 4377 1508 4425 quos
1528 4363 1630 4426 ipse
1651 4361 1841 4418 audisti,
1858 4360 2016 4409 callidi
2033 4368 2161 4419 sunt,
2181 4369 2247 4418 et,
2265 4362 2434 4409 animo
2453 4368 2665 4408 naturam

485 4439 792 4502 pulcherrime
812 4448 1165 4504 cognoscentes,
1200 4455 1287 4489 nos
1310 4441 1484 4495 celant.
1547 4441 1653 4491 Nos
1673 4457 1801 4499 vero,
1832 4441 2098 4505 priusquam
2128 4443 2218 4491 boc
2242 4442 2383 4490 modo
2402 4440 2669 4505 loquantur,
