2917 4975
506 446 624 506 350
1401 433 1803 497 PLAToms
2564 443 2718 522 [236

497 597 772 664 quicunque
791 599 1012 659 inagnum
1034 591 1227 658 aliquod
1249 583 1369 656 opu‘s
1391 590 1579 654 fingunt
1598 597 1681 639 aut
1702 589 1942 655 pingunt?
1975 590 2016 640 si
2049 590 2177 640 enim
2202 606 2356 642 veram
2394 591 2709 659 pulchrorum

507 676 1006 730 commensurationem
1037 673 1294 723 simulacris
1328 672 1606 735 pneberent,
1637 671 1818 720 minora
1854 687 1994 735 quem
2030 671 2172 722 decet
2209 673 2449 737 superiora
2483 676 2717 738 membra,

511 756 660 821 [236]
692 755 869 820 majam
892 770 999 804 vero
1031 767 1140 818 quie
1171 753 1294 802 infra
1325 759 1457 813 sum,
1478 741 1791 815 apparet-en&
1825 759 2072 816 propterea
2110 755 2241 817 quod
2280 754 2365 802 illa
2386 755 2593 815 eminus,
2615 755 2714 803 ista

506 837 721 887 ominus
751 852 781 885 a
816 836 955 884 nobis
983 833 1352 899 conspiciantur.
1418 831 1553 883 Tua.
1582 830 1809 881 Omnino.
1876 832 1975 883 Ho.
2011 832 2139 897 Ergo
2179 833 2399 896 artifices,
2419 836 2619 883 veritate
2640 836 2719 883 di-

505 918 664 975 missa,
684 932 783 965 non
799 931 886 965 eas
904 930 1012 981 qua
1032 931 1082 964 re
1101 930 1211 963 vera
1232 923 1359 972 sunt,
1380 913 1467 962 sed
1489 927 1598 977 quae
1627 912 1849 962 videntur
1882 912 2093 977 pulchras
2112 915 2614 972 commemorationes,
2647 914 2721 963 ai·

507 996 722 1046 mulacris
740 996 857 1060 ipsis
873 994 1250 1044 accommodant.
1311 993 1446 1042 Τιιι.
1479 992 1693 1042 Prorsus.
1759 991 1862 1042 Ho.
1894 992 2072 1041 Nonne
2093 993 2235 1058 igitur
2256 994 2439 1058 species
2463 996 2567 1044 hac
2585 995 2707 1044 assi·

506 1077 725 1126 mnlatrir.
761 1075 1082 1141 nuncupanda
1112 1083 1187 1124 est
1208 1074 1230 1122 ἔ
1290 1073 1424 1123 Tne.
1459 1072 1621 1124 Certe.
1687 1071 1788 1121 Ho.
1821 1073 2011 1122 Partem
2060 1073 2208 1137 igitur
2265 1075 2559 1138 geometr-ie,
2600 1090 2712 1138 qun

512 1158 639 1208 circa
681 1156 773 1206 ista
806 1163 1030 1212 versatur,
1060 1153 1464 1211 assimulata-icem,
1507 1161 1563 1202 ut
1598 1168 1739 1217 supra
1776 1153 1998 1212 diximus,
2033 1154 2398 1218 appellabimus.
2463 1155 2594 1205 Tne.
2628 1155 2720 1204 sie

516 1253 724 1303 prorsus.
789 1236 892 1285 Ho.
924 1236 1060 1294 Quid
1081 1250 1219 1300 porro
1239 1233 1368 1299 quod
1394 1241 1594 1298 apparet
1612 1235 1807 1298 quidem
1832 1233 2026 1299 pulchro
2053 1235 2224 1294 simile,
2246 1251 2304 1283 ex
2324 1250 2384 1283 eo
2415 1237 2545 1300 qnod
2578 1235 2715 1283 hand

512 1318 762 1385 pulchrum
784 1317 1020 1382 respiciat,
1041 1317 1286 1381 possitque
1309 1315 1480 1380 aliquis
1502 1315 1596 1363 tale
1618 1314 1734 1379 quid
1757 1330 1944 1364 cernere
1967 1315 2346 1379 sufficienterque
2368 1315 2547 1373 videre,
2568 1330 2719 1380 quam

510 1399 709 1465 pulchro
729 1398 880 1447 simile
901 1412 1000 1447 nou
1017 1398 1095 1454 sit,
1118 1396 1515 1460 quemadmodum
1536 1395 1801 1453 dicebatur,
1820 1411 1917 1460 quo
1932 1395 2056 1444 illud
2077 1395 2269 1444 nomine
2286 1396 2670 1460 nuncupabimus
2691 1398 2715 1444 ἓ

513 1495 577 1529 an
609 1494 727 1541 non,
753 1478 867 1543 quia
897 1485 1096 1544 apparet
1128 1476 1343 1542 quidem,
1383 1491 1542 1541 neque
1580 1483 1737 1525 tamen
1776 1485 1849 1524 est
1885 1476 2060 1540 simile,
2095 1477 2378 1540 phantasma
2411 1477 2711 1526 dicendum?

508 1560 643 1609 Tun.
674 1559 914 1609 Profecto.
978 1557 1079 1607 Ho-
1114 1557 1385 1607 Secundum
1420 1558 1650 1621 picturam
1690 1572 1796 1620 pars
1832 1558 1941 1622 ista,
1962 1564 2013 1606 et
2049 1556 2316 1605 universum
2340 1557 2617 1606 imitationis
2639 1564 2718 1605 eat

511 1640 695 1704 genus?
757 1639 892 1690 Tne.
925 1638 1133 1703 Nempe.
1199 1636 1301 1690 Ηο.
1335 1637 1505 1687 Artem
1542 1653 1655 1687 vero
1691 1638 1841 1695 illam,
1885 1651 1978 1702 qua
2022 1638 2305 1702 phantasma
2351 1637 2564 1702 fingitur,
2606 1653 2710 1686 non

509 1721 687 1784 imago,
731 1720 1074 1782 phantasticam
1117 1719 1282 1767 merito
1323 1713 1659 1766 nominandam
1702 1727 1939 1782 putamus.
2017 1717 2149 1766 Tne.
2183 1718 2574 1767 Consentaneum
2618 1726 2713 1767 est.

512 1800 615 1849 Ho-
647 1799 749 1846 Has
770 1799 990 1862 equidem
1012 1799 1130 1846 duas
1153 1797 1441 1862 imaginario
1461 1798 1700 1847 facultatis
1719 1799 1900 1863 speeies
1932 1813 2073 1863 supra
2106 1799 2341 1863 ponebam
2363 1816 2375 1845 ε
2411 1814 2572 1857 unam,
2595 1811 2709 1862 quse

510 1877 841 1927 similitudines
884 1877 1064 1938 efficit3
1097 1878 1309 1936 alteram,
1346 1893 1455 1942 quas
1494 1879 1839 1943 phantasmata.
1905 1878 2040 1928 Tne.
2073 1875 2245 1928 Recte.
2313 1878 2415 1928 Ho.
2451 1878 2613 1942 Atque
2658 1880 2714 1928 id

511 1965 587 2008 est
603 1960 735 2022 quod
754 1958 1068 2021 ambigebam,
1090 1965 1193 2005 utra
1214 1957 1263 2004 in
1285 1958 1444 2022 specie
1468 1957 1530 2006 sit
1548 1959 1761 2023 sophista
1782 1959 2051 2022 ponendus,
2072 1974 2230 2022 neque
2251 1959 2363 2007 dum
2387 1958 2501 2007 antis
2528 1975 2710 2024 agnos,-

510 2053 587 2088 co.
621 2053 671 2085 re
692 2052 801 2085 vera
823 2037 1060 2085 usitandns
1081 2037 1263 2085 viriste
1299 2036 1592 2102 cognitoque
1629 2038 1865 2087 difficilis:
1900 2037 2374 2104 quandoquidem'et
2400 2054 2529 2088 rrunc
2564 2055 2716 2104 qnam

511 2117 755 2183 aptissime
776 2117 1122 2181 tergiversatus,
1143 2117 1194 2165 in
1216 2117 1427 2166 obscuro
1452 2118 1635 2181 speciei
1663 2118 1866 2166 latebras
1884 2120 2094 2168 secessit.
2154 2119 2289 2170 Tne.
2320 2119 2544 2168 Videtur.
2611 2117 2720 2170 110.

511 2198 744 2263 Nunquid
764 2197 922 2262 ipsum
942 2212 1234 2261 cognoscens
1254 2197 1371 2246 mihi
1392 2212 1523 2247 nunc
1542 2199 1816 2247 assentiris?
1850 2213 1911 2247 an
1930 2200 2137 2263 impetus
2158 2201 2350 2264 quidam
2371 2209 2565 2264 propter
2579 2202 2713 2249 bunc

510 2294 772 2330 monem
793 2279 863 2327 ita
881 2287 931 2327 te
951 2285 1227 2328 consuetum
1245 2277 1451 2336 induxit,
1473 2284 1530 2326 ut
1549 2286 1742 2342 repente
1758 2279 2080 2328 confitereris?
2143 2279 2276 2328 Τιιε.
2307 2280 2545 2337 Quorsum
2568 2282 2673 2330 haec
2695 2282 2716 2329 ἓ

512 2360 618 2410 He.
649 2359 710 2410 In
725 2360 919 2409 arduam
944 2359 1153 2424 profecto
1173 2358 1596 2408 considerationem
1618 2359 1887 2409 incidimus.
1953 2359 2151 2425 Semper
2185 2360 2311 2409 enim
2342 2368 2440 2408 tarn
2460 2361 2513 2408 in
2536 2369 2711 2425 praste-

509 2441 602 2491 rito
621 2455 763 2507 quam
802 2440 1019 2504 praesenti
1051 2448 1263 2504 ternpore
1292 2438 1494 2488 maxime
1529 2439 1724 2487 dubium
1760 2446 1834 2488 est
1865 2439 1994 2505 quod
2017 2440 2225 2490 dicitur:
2261 2453 2488 2505 apparere
2509 2442 2709 2506 quidem

512 2523 608 2571 boc
627 2530 770 2586 atque
786 2521 953 2577 videri,
976 2536 1078 2568 esse
1097 2536 1207 2569 voro
1228 2534 1526 2585 nequaquam
1546 2535 1563 2569 e
1598 2528 1647 2569 et
1669 2520 1871 2584 aliquem
1890 2520 2020 2586 loqui
2038 2522 2273 2585 qnaedam,
2293 2536 2391 2570 non
2410 2529 2568 2570 tamen
2584 2539 2712 2572 ver-a.

512 2602 778 2651 mirandam
793 2601 990 2664 quippe,
1009 2600 1269 2664 Tbeaetete,
1290 2601 1330 2648 si
1349 2601 1394 2648 is
1414 2601 1506 2647 sibi
1527 2615 1624 2648 non
1646 2602 2000 2661 contradixerit,
2020 2603 2104 2666 qui
2125 2601 2287 2651 asserit
2306 2603 2436 2665 qnod
2457 2618 2508 2651 re
2530 2618 2639 2651 vera
2662 2612 2714 2652 et

512 2682 672 2731 dicere
700 2688 753 2729 et
785 2679 971 2743 opinari
1000 2679 1119 2727 falsa
1154 2679 1404 2743 contingit.
1438 2679 1587 2745 [287]
1621 2681 1755 2729 Tne.
1790 2681 1925 2731 Cur?
1990 2682 2091 2731 Ho.
2125 2682 2254 2740 Quia
2292 2681 2400 2730 taiis
2439 2682 2639 2741 locutio,
2662 2684 2713 2732 id

511 2762 755 2828 qnodnoa
775 2768 865 2817 est,
887 2775 990 2809 esse
1007 2760 1232 2809 admittit.
1259 2759 1430 2808 falsum
1453 2775 1658 2825 namque
1675 2763 1803 2810 baud
1836 2764 1973 2811 aliter
2002 2765 2132 2829 qnod
2165 2772 2239 2813 est
2270 2763 2419 2813 fieret.
2490 2763 2709 2835 Magnus

513 2851 671 2891 anem
695 2840 1018 2899 Parmenides,
1039 2857 1069 2889 o
1097 2856 1236 2906 puer,
1255 2842 1368 2888 dnm
1398 2841 1530 2905 pueri
1560 2843 1716 2892 adhuc
1746 2858 1973 2903 essemus,
2003 2845 2158 2892 statim
2180 2846 2243 2893 ab
2260 2826 2401 2894 initio
2422 2845 2711 2910 assidueque

515 2923 565 2972 id
602 2922 907 2988 pradicabat.
940 2922 1008 2972 sic
1038 2921 1165 2971 enim
1198 2920 1481 2972 carminibus
1516 2922 1690 2987 passim
1721 2923 1927 2988 jocatur.
1991 2924 2272 2990 Nunquam,
2292 2924 2467 2990 inquit,
2488 2934 2542 2974 et
2575 2924 2709 2976 nullo

515 3005 661 3053 modo
682 3011 793 3052 sum
812 3003 893 3052 illa
914 3018 1022 3069 qun
1042 3018 1139 3052 non
1159 3011 1287 3054 aunt.
1349 3002 1448 3053 Sed
1473 3011 1526 3052 tu
1550 3005 1642 3053 hoc
1663 3005 1847 3057 tramite
1884 3018 2099 3069 querens
2135 3013 2340 3055 mentem
2358 3007 2566 3057 cohibe.
2633 3009 2713 3056 Ab

514 3085 600 3135 ino
619 3087 780 3151 itaque
801 3084 1123 3135 testimonium
1139 3085 1410 3149 perhibemr
1428 3103 1439 3132 :
1476 3100 1722 3150 sermoque
1738 3084 2033 3150 hujusmodi,
2050 3087 2089 3134 si
2102 3088 2401 3136 mediocriter
2414 3087 2718 3147 discutiatur,

515 3180 613 3216 rem
635 3165 908 3231 patefaciet.
972 3165 1101 3231 Age,
1120 3167 1212 3214 hoc
1234 3165 1283 3212 in
1305 3164 1484 3229 primis,
1507 3165 1548 3220 si
1576 3165 1668 3214 tibi
1703 3164 1876 3228 piacet,
1898 3166 2220 3230 inspiciamus.
2279 3165 2412 3214 Tne.
2445 3167 2567 3216 Mea
2603 3168 2713 3233 qui-

515 3248 627 3295 dem
650 3245 769 3294 nihil
788 3246 987 3293 interest
1002 3262 1018 3293 ε
1051 3246 1154 3309 ipse
1173 3245 1367 3303 videris,
1385 3252 1437 3293 et
1455 3258 1552 3309 qua
1573 3253 1791 3309 prestane
1811 3253 1968 3310 putas,
1989 3262 2048 3295 ea
2068 3254 2119 3295 et
2140 3253 2191 3295 tu
2210 3260 2377 3311 pergas
2393 3254 2443 3296 et
2455 3262 2533 3297 me
2546 3249 2713 3298 ducas.

518 3325 621 3377 Ho.
654 3323 731 3372 Ita
751 3339 940 3389 prorsus
961 3326 1232 3387 agendums
1263 3331 1316 3372 et
1337 3325 1452 3373 mihi
1474 3327 1728 3390 responde,
1746 3341 1860 3374 num
1891 3327 2195 3392 pronuntiare
2225 3327 2354 3392 quod
2395 3328 2528 3376 nullo
2568 3331 2712 3378 modo

516 3411 609 3461 cst,
625 3404 897 3452 audeamus.
960 3404 1091 3452 Tun.
1126 3403 1345 3462 Quidni?
1411 3403 1514 3453 Ho.
1548 3405 1598 3453 si
1628 3407 1819 3470 quidem
1841 3406 2016 3456 nullius
2030 3408 2355 3456 contentionis
2374 3417 2457 3457 ant
2475 3407 2583 3471 joci
2604 3425 2710 3473 gra-

517 3482 584 3532 tia
606 3483 911 3546 quarendum
931 3483 995 3532 de
1016 3483 1116 3532 istis
1136 3484 1211 3532 vel
1234 3484 1614 3547 respondendum
1637 3485 1717 3543 sit,
1728 3486 1875 3535 immo
1890 3486 2183 3537 audientium
2201 3489 2471 3553 quempiam
2489 3496 2711 3553 oporteat

517 3564 640 3612 aerio
660 3562 796 3611 nobis
813 3576 988 3611 nomen
1009 3565 1100 3613 hoc
1121 3562 1235 3611 Non
1257 3579 1341 3612 cns
1362 3564 1601 3614 declarare
1621 3580 1718 3631 qno
1739 3568 2031 3617 referendum
2053 3568 2146 3630 αἰὲς
2179 3568 2476 3632 cogniturum
2491 3584 2601 3617 eum
2618 3586 2708 3635 pu-

518 3652 689 3703 tamus,
710 3658 806 3709 quo
828 3657 880 3690 ae
901 3648 1066 3700 vertat,
1093 3644 1268 3707 quidve
1300 3652 1352 3693 et
1385 3661 1482 3710 quo
1518 3647 1666 3695 modo
1702 3648 2006 3714 interroganti
2033 3650 2352 3699 demonstret?
2414 3650 2550 3699 Tun.
2584 3652 2711 3701 Rem

517 3725 709 3772 arduam
731 3722 994 3780 sciscitaris,
1015 3722 1222 3788 mihique
1238 3723 1323 3773 uni
1346 3740 1529 3789 prorsus
1550 3727 1774 3790 ignotam.
1840 3729 1941 3778 Ho.
1972 3728 2081 3778 Hoc
2101 3728 2265 3778 saltem
2286 3737 2491 3788 constat,
2513 3734 2707 3797 quodid

517 3820 691 3853 nomen
715 3804 828 3852 Non
863 3818 950 3851 ens
985 3803 1102 3852 nulli
1135 3820 1296 3854 eorum
1328 3822 1436 3871 quo
1469 3816 1596 3865 sunt,
1628 3808 1997 3858 attribuendum.
2061 3808 2106 3857 T
2108 3824 2196 3860 ιιε.
2231 3811 2487 3868 Quomodo
2508 3815 2636 3861 enim
2659 3814 2711 3861 id

515 3883 680 3934 fieret?
746 3883 848 3933 Ho.
882 3883 1005 3933 Cum
1030 3900 1138 3935 vero
1157 3887 1217 3935 ad
1242 3886 1358 3946 hs,
1382 3897 1435 3936 ut
1452 3888 1524 3937 ita
1544 3889 1756 3947 dixerim,
1778 3890 1935 3939 referri
1970 3904 2065 3938 non
2098 3891 2265 3953 possit,
2286 3906 2442 3956 neque
2474 3894 2621 3941 etiam
2643 3894 2706 3941 ad.

513 3963 717 4029 Aliquid
737 3963 1051 4017 referendum.
1114 3966 1245 4018 Tun.
1281 3969 1503 4026 Quonam
1526 3972 1710 4034 pacto?
1775 3970 1876 4019 Ho.
1912 3970 1971 4019 Id
2003 3986 2197 4035 quoqne
2228 3972 2369 4019 nobis'
2401 3979 2554 4035 patet.
2576 3975 2707 4038 qnod

514 4044 662 4095 dictio
693 4042 784 4091 ista
804 4042 1004 4109 Aliquid
1036 4046 1160 4095 circa
1195 4063 1280 4098 ens
1314 4050 1511 4114 aliquod
1550 4051 1725 4115 ubique
1749 4051 2103 4115 pronuntiatur:
2139 4059 2283 4116 atque
2304 4052 2600 4115 impossibile
2621 4062 2710 4112 est,

511 4127 666 4192 ipsum
683 4122 878 4188 Aliquid
902 4125 1051 4172 solum
1072 4135 1122 4174 et
1141 4131 1276 4192 quasi
1290 4132 1519 4180 nudatum
1538 4133 1599 4185 ab
1621 4133 1839 4185 omuibus
1859 4122 1932 4180 tiis
1952 4146 2061 4196 qum
2079 4122 2209 4191 sunt,
2221 4147 2426 4182 seorsum
2442 4133 2710 4186 enuntiare.

511 4207 644 4256 Tun.
674 4204 974 4270 Impossibile
1005 4213 1149 4255 certe.
1213 4208 1316 4258 Ηο.
1351 4208 1482 4259 Num
1520 4212 1587 4260 ita
1621 4200 1923 4262 considerans
1962 4212 2201 4262 confiteris
2235 4213 2553 4262 necessarium
2591 4229 2717 4271 cue,

512 4304 621 4336 eum
643 4287 725 4350 qui
746 4286 924 4351 aliquid
947 4285 1082 4345 dicit,
1099 4302 1244 4336 unum
1265 4289 1445 4355 aliquid
1470 4292 1661 4341 dicere?
1723 4292 1853 4341 Tun.
1886 4292 1982 4343 Ita.
2051 4291 2152 4342 Ho.
2185 4290 2340 4342 Unius
2363 4306 2501 4357 porro
2524 4294 2712 4357 signnm

513 4366 669 4427 ipsum
691 4367 894 4430 Aliquid
917 4383 1019 4417 αα
1039 4368 1190 4426 dices,
1211 4370 1408 4419 duorum
1431 4380 1481 4421 et
1502 4373 1707 4437 plurium
1729 4373 1943 4437 Aliqua?
2009 4372 2143 4421 Tun.
2175 4371 2347 4423 Dicam
2379 4373 2542 4437 plane.
2610 4373 2714 4422 Ho-

515 4442 637 4492 Eum
661 4461 769 4495 vero
789 4449 872 4511 qui
909 4447 1024 4499 Non
1042 4449 1223 4514 aliquid
1242 4451 1376 4511 dicit,
1401 4468 1592 4504 necesse
1612 4464 1685 4505 est
1705 4469 1861 4519 neque
1883 4470 2027 4507 unum
2051 4453 2259 4519 quidrid
2282 4460 2352 4504 est
2375 4452 2496 4504 nihil
2516 4444 2715 4505 dicere?
