2917 4975
264 422 412 498 θοι]
1056 392 1065 397 ’
1101 417 1551 478 mancus,
2335 424 2449 487 391
2501 372 2506 379 ⁴

266 582 351 625 aut
370 574 563 624 senibus
586 574 865 639 persuadere
887 572 1141 636 quicquam
1174 570 1450 635 reperiatur,
1472 569 1688 619 extremis
1712 572 1956 634 suppliciis
1977 572 2120 623 affici.
2150 589 2305 639 neque
2326 575 2452 626 enim

266 663 482 718 oportere
502 654 755 718 quicquam
775 652 956 715 legibus
976 651 1232 714 sapientius
1252 665 1370 700 esse.
1393 663 1550 712 neque
1571 650 1697 701 enim
1717 650 1848 698 illum
1869 650 2081 714 ignorare
2101 661 2185 700 aut
2206 656 2453 709 medicine

264 734 570 797 sanitatisque
591 741 820 789 naturam,
841 739 925 781 aut
944 730 1235 795 gubernandi
1261 729 1612 794 navigandique
1631 729 1859 793 optimam
1879 730 2126 787 rationem,
2143 734 2324 799 quippe
2344 751 2454 785 cum

265 815 445 864 volenti
465 813 663 863 cuilibet
696 813 839 862 liceat
873 812 1047 875 scripta
1080 826 1327 875 moresque
1366 810 1648 874 perdiscere.
1712 810 1767 859 Si
1801 810 1904 859 hmo
1941 811 2008 859 ita
2028 813 2305 878 contingant
2325 817 2452 866 circa

260 894 501 957 scientias,
522 908 639 957 quas
656 891 956 949 narravimus,
978 890 1186 954 aliasque
1205 889 1475 955 permultas,
1492 897 1546 937 ut
1566 891 1824 939 secundum
1846 892 2117 957 prmscripta
2135 895 2290 958 potius
2309 914 2452 962 quam

262 975 520 1023 secundum
555 981 700 1022 artem
734 978 914 1036 agatur,
943 971 1058 1035 quid
1097 970 1328 1027 dicemus,
1349 986 1379 1018 o
1414 969 1669 1019 Socrates?
1701 977 1876 1034 utputa
1910 971 1952 1020 si
1982 972 2108 1021 idem
2142 977 2455 1027 constituatur

264 1054 391 1104 circa
411 1068 505 1102 rem
533 1051 775 1102 militarem
798 1067 1080 1115 omnemque
1102 1051 1421 1107 venationem,
1440 1049 1674 1114 picturam
1707 1065 1895 1114 quoque
1928 1059 1980 1100 et
2014 1052 2275 1108 uuiversum
2299 1057 2453 1111 imita-

263 1134 459 1191 tionem,
480 1134 833 1183 architecturam
855 1140 906 1181 et
940 1147 1129 1180 omnem
1160 1131 1576 1179 instrumentorum
1607 1130 2101 1195 suppellectiliumque
2135 1134 2455 1203 effectionem,

261 1215 586 1278 agriculturam
622 1221 766 1278 atque
797 1228 986 1261 omnem
1021 1212 1235 1260 arborum
1270 1225 1448 1275 curam,
1467 1216 1518 1259 et
1554 1224 1780 1273 equorum
1811 1218 2216 1276 armentorumque
2244 1219 2454 1269 omnium

261 1294 542 1350 custodiam,
561 1292 931 1355 vaticiniumque
962 1300 1012 1339 et
1029 1291 1207 1339 varium
1228 1289 1544 1339 ministrorum
1568 1289 1863 1354 obsequium,
1884 1289 2081 1345 talorum
2114 1291 2296 1353 ludum,
2312 1299 2457 1353 aritlh

263 1373 481 1422 meticam
498 1372 691 1429 nudam,
712 1371 790 1420 vel
809 1386 914 1419 earn
936 1385 1043 1435 quse
1064 1370 1193 1420 circa
1210 1369 1405 1433 planum
1427 1377 1512 1417 aut
1533 1368 1817 1432 profundum
1838 1376 1922 1417 aut
1942 1368 2237 1419 velocitatem
2261 1376 2455 1427 tar-dita.

264 1460 457 1516 temque
477 1458 701 1501 versatur.
768 1451 854 1501 80.
886 1449 1118 1500 Dicemus
1156 1450 1296 1516 plane
1327 1449 1479 1513 quod,
1501 1450 1542 1497 si
1573 1448 1640 1497 ita
1670 1464 1721 1499 se
1757 1464 1831 1497 res
1864 1449 2107 1508 haberent,
2141 1459 2261 1502 artes
2294 1471 2458 1506 omnes

261 1533 480 1581 fonditus
498 1532 875 1580 subverterentur
892 1546 1047 1594 neque
1068 1531 1294 1594 deinceps
1315 1536 1668 1579 renascerentur
1682 1544 1888 1592 unquam
1904 1530 1967 1577 ob
1980 1531 2102 1579 hanc
2115 1530 2264 1595 ipsam
2284 1534 2455 1599 legem,

265 1627 376 1676 qum
396 1626 546 1659 rerum
567 1625 790 1659 novarum
810 1609 1165 1674 indagationem
1186 1618 1330 1659 vetat.
1394 1609 1714 1666 Quamobrem
1738 1608 1852 1667 vita,
1872 1625 1980 1674 qum
2001 1626 2129 1660 nunc
2143 1612 2347 1665 difficilis
2365 1624 2456 1675 est,

264 1700 381 1739 tunc
400 1706 585 1755 prorsus
615 1691 761 1756 [800]
795 1690 1104 1739 intolerabilis
1134 1690 1284 1741 tieret.
1350 1688 1517 1739 non.
1548 1689 1678 1748 Quid
1710 1690 1773 1738 ad
1804 1690 1933 1740 hoc?
1965 1691 2006 1739 si
2038 1694 2298 1745 secundum
2334 1713 2456 1761 prae·

258 1771 458 1838 scriptas
480 1770 607 1834 leges
629 1770 727 1819 fieri
746 1770 933 1835 singula
953 1785 1241 1836 cogeremus,
1256 1770 1535 1835 legibusque
1550 1770 1665 1834 ipsis
1680 1770 2022 1835 preficeremus
2034 1772 2183 1821 virum
2199 1778 2457 1838 quendam,

262 1853 340 1901 vel
377 1866 608 1901 consensu
644 1850 812 1915 populi
839 1851 1136 1915 designatum
1159 1851 1232 1900 vel
1270 1857 1394 1900 sorte
1430 1858 1658 1908 creatum,
1680 1851 1764 1916 qui
1797 1852 1967 1915 spretis
1996 1851 2196 1916 legibus,
2217 1865 2302 1904 aut
2333 1857 2451 1908 lucri

267 2027 376 2061 cum
414 2013 601 2075 ignarus
633 2013 711 2068 sit,
752 2027 890 2076 agere
924 2018 1106 2060 tentet:
1140 2027 1300 2060 nonne
1331 2012 1425 2060 hoc
1457 2009 1600 2074 priori
1640 2010 1766 2059 malo
1797 2010 2038 2061 deterius?
2103 2015 2192 2065 80.
2227 2000 2466 2070 Maxime.

268 2092 433 2141 Hosr.
464 2091 652 2141 Etenim
675 2091 891 2156 quisquis
911 2090 1151 2154 imperitus
1183 2092 1329 2140 audet
1348 2097 1517 2153 prater
1537 2090 1666 2155 leges
1683 2090 1790 2139 illas
1812 2106 1969 2158 agere,
1991 2108 2099 2157 qum
2123 2094 2272 2145 multa
2290 2098 2460 2161 peritia

265 2175 373 2221 laon
394 2178 505 2220 sunt
524 2187 554 2220 a
574 2171 915 2221 consultoribus
951 2171 1042 2228 his.
1076 2171 1159 2235 qui
1182 2172 1382 2235 gratiose
1412 2170 1735 2219 consultantes
1755 2172 1957 2236 populo,
1979 2172 2107 2237 leges
2127 2190 2207 2223 eas
2242 2179 2458 2242 accipere

268 2259 615 2315 persuaserunt,
636 2250 787 2299 scelus
823 2250 1073 2299 committit
1109 2250 1335 2313 superiori
1369 2257 1567 2313 peccato
1596 2251 1738 2314 longe
1772 2249 1995 2315 deterius,
2015 2266 2073 2300 ac
2108 2254 2255 2304 multo
2293 2259 2461 2323 magis,

270 2346 413 2396 quam
449 2329 635 2394 scripto
677 2328 823 2391 leges,
863 2328 1016 2376 officia
1056 2328 1166 2376 vito
1209 2327 1464 2376 confundit
1506 2334 1650 2392 atque
1692 2329 1933 2391 pervertit.
2022 2330 2109 2378 80.
2140 2331 2456 2398 Magnopeoe.

269 2410 438 2460 Hosr’.
471 2408 771 2472 Quapropter
790 2408 998 2457 wcundo
1021 2408 1128 2457 loco
1151 2413 1357 2469 prostat,
1381 2414 1433 2454 ut
1449 2408 1519 2463 hi,
1540 2407 1623 2471 qui
1644 2407 1801 2471 aliqua
1826 2407 1887 2456 de
1910 2422 1960 2456 re
1988 2407 2116 2472 leges
2135 2414 2455 2481 conscribunt,

262 2491 501 2540 neminem
523 2487 795 2554 permittant
808 2488 991 2553 aliquid
1009 2504 1213 2552 unquam
1237 2495 1404 2553 prater
1422 2487 1528 2537 illas
1547 2487 1748 2546 efficere,
1771 2487 1870 2538 aive
1890 2504 2013 2538 nnus
2031 2490 2157 2539 istud
2178 2492 2278 2542 sive
2299 2511 2456 2560 popu.

268 2572 344 2620 lus
360 2565 673 2635 aggrediatur.
739 2570 821 2619 80.
855 2568 998 2619 Scite.
1062 2569 1225 2619 Hosr».
1262 2568 1440 2618 Nonne
1460 2567 1748 2628 imitationes
1769 2571 1985 2633 quodam
2010 2571 2215 2629 veritatis
2246 2575 2471 2640 singulo-2

268 2668 373 2712 rum
395 2652 497 2701 haic
515 2660 671 2709 erunt,
691 2665 798 2716 qun
820 2651 881 2699 ab
900 2650 1294 2717 intelligentibus,
1314 2651 1443 2718 quod
1466 2650 1566 2699 lieri
1588 2657 1762 2715 potest,
1785 2651 2052 2717 conscripta
2079 2651 2304 2703 fuerunt?
2368 2657 2456 2708 So.

273 2731 409 2782 Nihil
427 2732 599 2781 obstat.
665 2730 829 2782 Hosr.
861 2729 1029 2795 Atqui,
1050 2732 1091 2781 si
1113 2732 1426 2789 recordamur,
1447 2731 1633 2781 civilem
1655 2746 1812 2780 revera
1833 2732 2074 2784 hominem
2093 2741 2237 2799 atque
2259 2737 2460 2801 peritum

272 2812 324 2861 in
344 2811 661 2878 superioribus
680 2810 882 2861 diximus
903 2813 1050 2861 multa
1070 2828 1197 2878 supe
1218 2820 1317 2862 arte
1335 2813 1567 2864 facturum
1589 2821 1756 2878 prater
1777 2812 2008 2872 instituta,
2030 2829 2137 2879 qua
2158 2822 2299 2865 antea
2313 2816 2463 2882 scrip·

269 2901 409 2950 serat,
430 2892 649 2957 quotiens
681 2892 865 2956 potiora
895 2894 1112 2957 quasdam
1146 2893 1223 2951 iis,
1262 2909 1369 2957 quae
1406 2891 1600 2956 reliquit
1630 2892 1915 2948 absentibus,
1951 2893 2184 2943 invenisse
2213 2897 2461 2959 putaverit.

271 2974 359 3023 80.
391 2973 607 3023 Diximus
628 2973 790 3037 procul
808 2972 969 3022 dubio.
1037 2973 1203 3024 Hosr.
1236 2972 1418 3021 Nonne
1449 2972 1666 3035 quisquis
1697 2978 1782 3022 ant
1802 2971 1872 3018 vir
1892 2986 2014 3019 unus
2035 2981 2118 3020 aut
2138 2974 2360 3036 populus,
2381 2976 2490 3032 cuir

270 3052 404 3117 leges
425 3052 707 3118 prescriptos
728 3060 858 3115 sunt,
875 3058 1042 3115 prater
1062 3067 1143 3099 eas
1163 3052 1294 3100 aliud
1315 3051 1543 3115 quiddam
1579 3057 1804 3113 tanquam
1838 3049 2004 3098 melius
2024 3051 2308 3114 aggreditur,
2332 3053 2462 3102 idem

272 3147 362 3196 pro
384 3131 577 3187 viribus,
597 3131 727 3194 quod
746 3145 883 3179 verus
904 3130 986 3178 ille
1021 3130 1176 3180 civilis
1196 3130 1283 3187 vir,
1304 3129 1436 3193 agit?
1501 3130 1586 3179 80.
1620 3130 1943 3193 Summopere.
2009 3127 2167 3179 Hosr.
2200 3131 2253 3178 Si
2270 3132 2354 3195 qui
2372 3133 2465 3197 igi.

274 3220 351 3261 tur
370 3210 573 3275 imperiti
593 3211 642 3258 id
665 3216 875 3273 agerent,
896 3208 1068 3257 imitari
1097 3210 1291 3275 quidem
1313 3224 1474 3258 verum
1508 3209 1663 3273 ipsum
1699 3208 2036 3266 anniterentur,
2059 3225 2272 3274 perverse
2304 3219 2464 3262 tamen

272 3291 579 3340 imitarentur.
646 3290 698 3339 Si
720 3289 804 3353 qui
825 3297 981 3338 autem
1003 3289 1145 3354 periti
1180 3291 1305 3339 idem
1338 3289 1697 3348 contenderent,
1727 3290 1855 3338 baud
1889 3288 2091 3354 amplius
2119 3289 2321 3340 imitatio
2353 3293 2465 3352 hoc,

272 3372 358 3421 sed
380 3371 535 3435 ipsum
554 3369 674 3418 illud
692 3369 977 3419 verissimum
997 3377 1138 3420 esset.
1203 3371 1291 3421 80.
1323 3369 1550 3421 Omnino.
1616 3369 1779 3419 Hosr.
1816 3370 2068 3419 Enimvero
2104 3386 2248 3435 supra
2267 3372 2318 3421 id
2340 3373 2463 3423 inter

274 3450 620 3515 nosconvenit,
637 3460 784 3500 artem
805 3450 982 3499 nullam
1004 3451 1163 3500 multis
1189 3461 1477 3515 competere.
1540 3451 1626 3500 So.
1659 3450 1897 3500 Convenit
1929 3459 2073 3501 certe.
2135 3451 2301 3503 Hosr.
2334 3454 2476 3520 Ergo.

272 3533 315 3581 si
334 3548 408 3581 ars
427 3532 646 3599 quedam
664 3531 796 3597 regia
814 3531 1013 3582 facultas
1033 3541 1126 3595 est,
1147 3533 1282 3581 turba
1301 3533 1501 3581 divitum
1525 3540 1575 3580 et
1596 3531 1801 3596 populus
1836 3532 1990 3582 omnis
2016 3547 2258 3597 nunquam
2277 3534 2465 3584 civilem

272 3614 397 3662 hanc
418 3613 661 3662 scientiam
683 3612 996 3664 nanciscetur.
1062 3614 1148 3662 80.
1180 3612 1455 3679 Nunquam.
1524 3611 1688 3668 Hosr.
1724 3611 1930 3675 Oportet
1958 3611 2119 3676 itaque
2139 3628 2212 3662 res
2250 3614 2464 3677 publicas

276 3690 587 3755 ejuscemodi,
605 3691 854 3755 siquando
878 3707 1033 3740 veram
1054 3692 1183 3741 illam
1220 3692 1609 3756 gubernationem
1648 3691 1786 3739 unius
1811 3692 1897 3741 viri
1932 3698 2031 3751 ‚arte
2067 3692 2339 3756 imperantis
2375 3709 2476 3759 pro.

275 3771 454 3821 viribus
487 3769 635 3834 [sol]
669 3770 918 3819 imitaturas
939 3778 1066 3827 sunt,
1089 3775 1329 3834 nunquam
1350 3770 1530 3836 aliquid
1553 3779 1721 3835 preater
1741 3772 1936 3834 scriptas
1955 3770 2083 3834 leges
2111 3786 2357 3836 moresque
2379 3789 2468 3839 pa·

276 3850 391 3900 trios
410 3849 620 3914 aggredi.
684 3849 769 3899 80.
807 3848 1005 3914 Egregie
1043 3850 1229 3899 locutus
1260 3867 1328 3900 es.
1396 3850 1560 3901 Hosr’.
1595 3851 1802 3908 Quando
1834 3850 1965 3898 illam
1996 3851 2170 3901 divites
2203 3851 2464 3912 intimetur,

274 3946 372 3981 rem
408 3930 646 3993 publicam
682 3930 833 3994 ipsam
871 3930 1151 3995 optimatum
1183 3930 1569 3993 gubernationem
1598 3946 1851 3980 vocamus:
1886 3931 2078 3995 quando
2098 3947 2208 3981 vero
2229 3931 2358 3997 leges
2382 3950 2466 3997 pro
2569 3947 2579 3958 ·

275 4011 425 4060 nihilo
448 4012 645 4074 habent,
681 4025 934 4075 paucorum
958 4012 1233 4076 potentiam.
1298 4011 1386 4061 80.
1421 4010 1648 4074 Apparet.
1713 4011 1874 4060 Hosr.
1906 4011 2038 4069 Quin
2066 4013 2210 4061 etiam
2245 4013 2466 4079 quotiens

281 4107 402 4140 unus
422 4091 697 4141 dominatur
715 4093 972 4142 secundum
1003 4092 1132 4156 leges
1152 4092 1378 4140 scientem
1400 4090 1534 4139 illurn
1557 4090 1781 4151 imitatus,
1800 4107 1955 4156 regern
1976 4107 2215 4151 vocamus,
2245 4107 2344 4140 nou
2370 4093 2468 4142 dis-

279 4172 549 4236 tinguentes
571 4173 761 4222 nomine
781 4171 932 4231 illum,
955 4173 1036 4238 qui
1059 4172 1257 4221 scientia
1274 4172 1403 4221 solus
1420 4172 1640 4236 imperat,
1663 4172 1723 4221 ab
1744 4188 1804 4221 eo
1835 4172 1919 4236 qui
1950 4173 2177 4236 opinione
2204 4170 2470 4220 secundum

278 4252 408 4316 leges
429 4251 557 4301 solus
578 4251 718 4300 etiam
733 4253 1016 4303 dominatur.
1080 4253 1165 4302 80.
1200 4251 1278 4302 Ita
1308 4253 1536 4303 videmur.
1606 4253 1767 4303 Hosr.
1802 4252 1979 4302 Nonne
1994 4251 2135 4313 igitur
2153 4249 2192 4295 si
2214 4262 2334 4295 unus
2356 4262 2466 4298 vera

276 4331 476 4381 scientia
499 4331 718 4394 preditus
738 4330 954 4396 imperat,
974 4332 1101 4381 idem
1118 4348 1309 4391 nornen,
1330 4334 1424 4382 hoc
1446 4340 1521 4381 est
1540 4332 1737 4397 regium,
1758 4333 1916 4387 habet,
1931 4343 2021 4375 nec
2041 4326 2137 4374 alio
2151 4334 2466 4388 cognomento

276 4411 601 4478 significatur?
668 4410 794 4461 Nam
816 4427 871 4461 es
905 4413 1115 4477 quinque
1147 4412 1416 4464 nominibus
1452 4413 1843 4478 gubernationum
1874 4406 2103 4468 civilium,
2123 4417 2240 4468 quas
2263 4405 2465 4454 narravi·
