2917 4975
208 458 349 537 151]
1006 459 1492 521 ALcmlADEs
1539 463 1616 522 ιι.
2296 469 2409 527 185

197 620 451 662 rotantem
492 629 603 663 vero
636 613 997 664 Atheniensium
1033 614 1257 665 nuncium
1293 616 1346 663 in
1391 616 1520 664 hunc
1564 616 1756 669 modum
1803 615 1943 669 fuisse
1986 617 2219 669 mentum.
2287 620 2408 670 Haec

196 692 321 741 dicit
356 693 597 743 Ammon.
633 693 819 759 plaeere
856 695 945 745 sibi
982 696 1132 758 magis
1164 695 1629 747 modaemoniomm
1668 697 2071 756 benedictionem,
2111 715 2290 762 qnam
2299 700 2409 749 reli-

197 787 397 839 quornm
432 784 606 824 cuncte
648 774 919 827 Graecomm
956 791 1105 826 seem.
1188 775 1295 831 Nec
1331 777 1469 841 plura
1509 777 1566 845 iis
1608 778 1923 843 mpondisse.
2007 781 2406 833 Benedictionem

196 866 311 901 vero
348 853 523 903 nullam
563 871 757 920 prorsus
791 856 931 905 afram
966 859 1086 907 deus
1118 856 1237 907 mihi
1268 857 1444 907 dixisse
1488 836 1692 917 videtur,
1725 874 1868 922 quam
1901 858 2087 917 illorum
2121 861 2403 911 ontionem.

200 932 483 994 ρετιιιιῑιιιιιι
522 934 651 985 enim
686 936 774 986 iila
807 953 838 985 a
874 937 1043 987 ceteris
1077 937 1255 989 differt·
1337 937 1534 1002 Reliqui
1571 954 1777 1005 nemque
1823 939 1979 989 Greci
2015 942 2216 1004 partim·
2231 943 2406 991 auratis

199 1012 419 1061 cornibus
442 1016 584 1064 boves
604 1016 944 1079 aurifice-tes,
968 1018 1137 1081 partim
1166 1018 1376 1069 donariis
1395 1018 1596 1083 egregiis
1618 1019 1796 1084 templa
1827 1029 2066 1077 ornantes,
2105 1037 2405 1086 quacunque

198 1102 466 1152 occurrunt,
496 1111 580 1145 seu
619 1098 745 1146 boue
774 1097 876 1146 sive
907 1098 1051 1160 mele,
1085 1113 1115 1146 a
1147 1098 1240 1147 diis
1270 1106 1461 1163 petunt.
1528 1099 1616 1148 Dii
1653 1115 1780 1156 vero,
1799 1115 1910 1149 cum
1946 1100 2056 1149 illos
2089 1101 2402 1166 imprecantes

196 1172 417 1230 audiunt,
457 1176 714 1227 ditissimos
756 1177 940 1226 illorum
983 1193 1183 1240 pompe-
1214 1186 1268 1229 et
1308 1178 1539 1228 sacrificia
1581 1194 1681 1227 nen
1722 1187 1995 1242 acceptant.
2082 1182 2401 1239 Quamobrem

194 1252 448 1316 diligenter
479 1258 875 1307 considerandum
910 1258 1025 1306 mihi
1061 1258 1262 1316 videtur,
1311 1260 1429 1322 quid
1467 1259 1726 1309 dicendum
1760 1257 1848 1323 sit,
1886 1261 2062 1325 quidve
2099 1278 2196 1311 non
2239 1263 2407 1315 dieen-

193 1333 325 1383 dum.
396 1335 617 1386 Invenies
638 1353 832 1402 quoque
854 1339 984 1402 apud
1005 1338 1263 1386 Homerum
1294 1338 1389 1386 alie
1420 1339 1588 1386 horum
1609 1339 1800 1387 similia.
1834 1339 1989 1402 inquit
2010 1342 2135 1389 enim
2153 1341 2405 1406 Trojanos,

191 1428 299 1461 cum
338 1418 660 1466 suburbanum
695 1419 951 1467 edificium
978 1419 1267 1476 molirentur,
1303 1419 1465 1467 dicare
1504 1419 1598 1467 diis
1640 1419 1983 1467 immortalibus
2023 1421 2226 1482 pretiose
2265 1422 2406 1469 secri-

192 1492 302 1542 ficia
334 1496 516 1543 boum:
549 1498 766 1545 nidorem
798 1514 907 1545 vero
947 1515 1005 1547 ex
1046 1499 1181 1546 litore
1214 1513 1404 1547 suavem
1442 1498 1502 1545 ed
1539 1498 1709 1547 coelum
1733 1513 1883 1561 usque
1902 1499 2056 1546 ventis
2092 1500 2287 1547 extolli:
2324 1501 2407 1548 ned

190 1573 360 1622 beatos
382 1577 501 1623 deos
523 1576 609 1623 illo
648 1576 843 1626 minime
865 1577 990 1626 vesci
1011 1594 1026 1637 ;
1058 1577 1240 1641 quippe
1261 1577 1433 1640 quibus
1458 1576 1587 1625 Ilion
1617 1587 1669 1626 et
1697 1577 1913 1625 Priamus
1934 1585 1984 1625 et
2005 1576 2180 1626 Priami
2204 1578 2410 1643 populus

185 1654 309 1700 odio
333 1654 449 1703 sint.
514 1654 688 1719 Itaque
726 1656 791 1705 nil
825 1656 1042 1721 Trojnnis
1079 1659 1319 1721 proderat,
1351 1673 1456 1707 curn
1495 1658 1716 1707 adversos
1752 1659 1869 1706 deos
1898 1658 2143 1716 heberent,
2181 1674 2313 1708 sacra
2348 1674 2407 1709 ec

186 1747 393 1780 munera
415 1741 586 1784 temere
605 1736 703 1785 illis
724 1737 905 1787 offerre.
971 1738 1144 1804 Neque
1162 1738 1290 1788 enim
1311 1737 1545 1802 ejusmodi
1579 1745 1652 1787 est
1684 1738 1764 1786 dei
1787 1746 1970 1795 nature,
1994 1745 2051 1787 ut
2076 1740 2278 1788 ducetur
2300 1754 2402 1789 mu·

189 1813 405 1872 neribus,
444 1818 844 1880 quemadmodum
902 1819 1144 1885 improbus
1204 1820 1466 1868 soeneretor.
1518 1821 1603 1868 sed
1648 1835 1737 1868 uos
1776 1820 1997 1868 nimirum
2039 1820 2309 1879 deliramus,
2360 1822 2402 1870 si

188 1897 391 1958 qnando
427 1912 514 1945 nos
545 1897 919 1948 Lacedaemoniis
932 1910 1144 1965 propter
1166 1916 1358 1950 munera
1395 1902 1686 1966 acceptiores
1719 1902 1812 1950 deo
1849 1917 1952 1950 esse
1981 1901 2215 1951 ducimus.
2284 1902 2397 1952 Ete-

190 1975 288 2023 nim
328 1992 473 2039 grave
512 1988 654 2036 esset,
682 1981 721 2027 si
762 1982 879 2029 deus
912 1982 972 2031 ad
1006 1982 1200 2030 donaria
1235 1990 1287 2031 et
1320 1982 1544 2031 sacrificia
1584 1989 1743 2030 nostra
1773 1982 2026 2046 respiceret
2060 1983 2219 2046 potius
2255 1998 2398 2047 quem

191 2055 254 2103 ad
289 2056 518 2117 animum,
555 2068 708 2108 utrum
736 2059 897 2123 justus
930 2071 1218 2133 sanctusque
1252 2061 1400 2127 [1⁵0]
1435 2061 1516 2112 sit.
1553 2064 1614 2111 ed
1652 2079 1794 2127 quem
1827 2063 2051 2128 equidem
2091 2065 2235 2113 deum
2274 2065 2396 2112 erbi-

192 2146 287 2183 tror
322 2136 472 2185 multo
512 2139 659 2203 magis
694 2141 957 2204 attendere,
992 2157 1136 2206 quum
1169 2142 1231 2191 ad
1262 2143 1399 2190 multi
1438 2151 1655 2206 sumptus
1695 2158 1891 2207 pompas
1927 2152 2070 2207 atque
2091 2158 2253 2192 sacra:
2287 2160 2398 2208 quae

194 2216 312 2265 nihil
352 2217 571 2281 prohibet
603 2235 731 2285 eum,
751 2221 835 2285 qui
870 2222 1015 2270 multa
1049 2223 1101 2271 in
1133 2224 1276 2271 deum
1313 2223 1623 2286 hominesque
1665 2223 1951 2287 peccaverit,
1986 2239 2068 2272 seu
2105 2224 2314 2287 privatus
2337 2224 2400 2271 sit

192 2297 290 2346 sive
313 2315 385 2347 res
410 2300 620 2362 publica,
658 2302 858 2366 singulis
879 2303 1016 2350 annis
1054 2303 1296 2366 perficere.
1363 2302 1502 2351 Deus
1540 2311 1716 2359 autem,
1751 2309 1920 2365 utpote
1953 2315 1983 2348 ιι
2014 2301 2286 2349 muneribus
2323 2302 2398 2348 in·

191 2387 456 2443 corruptus,
498 2382 679 2445 spernit
714 2383 817 2431 haec
856 2383 1036 2439 omnis,
1070 2391 1126 2431 ut
1159 2384 1262 2448 ipse
1300 2382 1500 2446 ejusque
1536 2382 1768 2446 propheta
1804 2378 2037 2443 predixit.
2102 2380 2248 2429 Unde
2294 2395 2396 2443 per-

190 2458 409 2522 spicuum
439 2467 533 2519 cst,
569 2468 620 2510 et
654 2461 783 2526 apud
821 2462 963 2511 deum
1002 2471 1054 2511 et
1091 2463 1218 2526 apud
1258 2461 1473 2510 homines
1511 2476 1638 2509 senae
1663 2460 1832 2510 mentis
1860 2458 2094 2525 justitiam
2117 2467 2168 2508 et
2191 2459 2395 2525 pruden-

191 2543 306 2589 tiam
341 2543 579 2605 precipue
616 2542 848 2591 honorari.
916 2543 1184 2591 Prudentee
1214 2553 1371 2591 autem
1403 2541 1620 2606 justique
1654 2550 1782 2599 sunt,
1824 2541 1905 2606 qui
1937 2541 2111 2598 sciunt,
2146 2556 2255 2606 quae
2288 2555 2400 2604 erga

189 2622 332 2670 deum
350 2630 398 2670 et
425 2623 642 2671 homines
667 2638 806 2687 agere
828 2630 971 2687 etque
989 2623 1148 2671 dicere
1169 2622 1354 2673 deceat.
1419 2620 1579 2686 Cupio
1598 2629 1753 2670 temen
1777 2639 1833 2672 ex
1854 2628 1902 2670 te
1922 2621 2106 2678 audire,
2127 2620 2241 2686 quid
2267 2621 2315 2668 in
2339 2620 2396 2669 iis

189 2701 297 2765 ipse
333 2703 530 2752 sentias.
596 2704 693 2753 Ar..
759 2703 887 2752 Mihi
923 2719 1053 2762 vero,
1088 2719 1119 2751 o
1151 2703 1385 2761 Socrates,
1418 2704 1544 2751 haud
1583 2718 1718 2753 secus
1754 2718 1893 2766 quem
1934 2701 2016 2750 tibi
2048 2717 2104 2750 ec
2143 2703 2235 2751 deo
2260 2702 2394 2751 ride-

190 2790 283 2831 tur.
317 2798 473 2849 neque
507 2783 632 2832 enim
666 2784 738 2832 ses
770 2791 911 2842 esset,
938 2798 967 2832 a
998 2785 1090 2833 deo
1130 2799 1204 2832 me
1241 2783 1509 2835 dissentire.
1572 2783 1658 2833 So·
1725 2780 2011 2830 Recordaris
2046 2782 2220 2831 dixisse
2258 2790 2305 2831 te
2339 2783 2388 2830 in

192 2863 390 2926 plurima
423 2864 717 2914 dubitatione
752 2865 1114 2928 discrimineque
1136 2864 1323 2922 versari,
1356 2879 1422 2912 ne
1452 2870 1500 2911 te
1536 2863 1688 2928 ipsum
1727 2863 1911 2919 lateres,
1943 2878 2050 2911 cum
2086 2861 2209 2909 male
2241 2876 2390 2925 quan·

190 2945 349 3008 doque
396 2943 480 3007 pro
535 2945 670 2994 bonis
724 2945 948 3007 optares?
1014 2943 1117 2992 At..
1184 2943 1406 2991 Memini.
1475 2942 1559 2993 So.
1629 2942 1706 2990 An
1749 2942 1902 2997 vides,
1944 2957 2041 2989 non
2080 2941 2194 2988 satis
2237 2949 2389 2988 tutum

190 3022 275 3070 tibi
318 3040 423 3073 esse
466 3025 528 3072 ad
572 3025 800 3073 orandum
846 3039 1056 3087 pergere,
1121 3038 1183 3070 ne
1219 3022 1412 3086 qnando
1456 3031 1504 3070 te
1543 3023 1662 3070 deus
1700 3022 1900 3069 audiens
1932 3021 2268 3084 imprecantem
2299 3019 2395 3067 iste

192 3111 274 3150 tua
307 3103 538 3152 sacrificia
572 3112 757 3165 renuat,
791 3102 919 3150 aliud
960 3118 1071 3150 vero
1103 3101 1332 3165 quiddam
1365 3100 1610 3148 fortuitum
1645 3100 1889 3163 reportes?
1959 3098 2085 3146 Mihi
2118 3113 2229 3161 ergo
2263 3096 2394 3145 vide-

190 3191 265 3231 tur
308 3199 466 3247 operm
514 3182 712 3245 pretium
751 3197 854 3231 esse
899 3182 1109 3244 quietem
1154 3196 1309 3244 egere.
1345 3195 1454 3227 num
1493 3179 1706 3227 oratione
1747 3178 2210 3227 Lacedoemoniorum
2250 3193 2391 3243 prop·

188 3273 258 3312 ter
296 3263 733 3328 magnanimitatem
777 3262 856 3325 (id
896 3261 1023 3308 enim
1067 3277 1237 3309 nomen
1283 3258 1661 3307 honestissimum
1697 3267 1770 3308 est
1803 3258 2031 3315 oninium,
2069 3258 2241 3323 quibus
2282 3255 2396 3306 insi·

186 3344 374 3406 pientia
399 3339 715 3403 significatur)
748 3355 845 3388 non
895 3339 1110 3389 existimo
1155 3340 1226 3388 uti
1260 3348 1307 3389 te
1340 3338 1481 3388 velle.
1548 3340 1707 3397 Quare
1749 3355 1943 3389 necesse
1986 3348 2060 3388 est
2100 3346 2391 3403 exspectare,

183 3427 348 3472 donec
385 3421 612 3477 discetur,
646 3420 1039 3483 quemadmodum
1076 3421 1136 3469 ad
1171 3421 1313 3469 deum
1353 3428 1499 3484 atque
1538 3420 1600 3467 ed
1644 3420 1855 3469 homines
1889 3422 2063 3469 habere
2106 3435 2158 3468 se
2200 3421 2389 3470 deceat.

189 3502 291 3551 An„
387 3500 599 3557 Quando
632 3499 735 3555 erit,
769 3517 800 3548 o
834 3501 1065 3559 Socrates,
1111 3510 1161 3549 et
1205 3502 1312 3564 quis
1345 3502 1640 3565 praeceptor?
1689 3499 2035 3565 jucundissime
2083 3500 2210 3550 enim
2259 3501 2386 3549 hunc

186 3583 448 3638 hominem,
486 3581 696 3645 quisquis
732 3580 839 3638 erit,
871 3596 1140 3645 agnoscam.
1209 3583 1296 3632 So.
1362 3579 1461 3630 Hic
1498 3589 1574 3630 est
1609 3582 1687 3630 cui
1726 3589 1777 3629 tu
1811 3598 1935 3631 curm
1971 3598 2039 3631 es.
2074 3598 2232 3630 verum
2273 3582 2388 3630 milri

188 3664 387 3719 videtur,
425 3663 820 3727 quemadmodum
854 3661 1079 3711 Diomedi
1115 3663 1379 3711 Minervam
1421 3661 1577 3727 inquit
1615 3661 1847 3712 Homerus
1887 3663 1949 3711 ab
1983 3662 2133 3710 oculis
2167 3662 2388 3710 nebulam

188 3744 452 3798 abstulisse,
488 3752 540 3790 ιιι
576 3744 861 3792 discerneret
896 3743 1036 3791 deum
1077 3745 1138 3793 ab
1170 3744 1379 3802 homine,
1414 3744 1481 3794 sic
1513 3751 1565 3792 et
1600 3744 1661 3792 ab
1696 3744 1853 3792 animo
1892 3754 1976 3792 tuo
2009 3743 2136 3807 prius
2169 3750 2386 3807 oportere

189 3822 458 3887 caliginem,
504 3837 600 3884 qun
643 3839 770 3872 nunc
812 3822 1091 3880 offunditur,
1124 3824 1338 3873 auferre:
1398 3824 1575 3873 deinde
1622 3824 1705 3872 illa
1751 3824 1944 3887 propius
1986 3823 2252 3878 admovere,
2305 3836 2391 3885 per

190 3918 294 3965 quae
333 3919 414 3951 scu
455 3903 629 3950 bonum
663 3903 777 3966 quid
815 3903 895 3964 sit,
928 3903 1028 3952 sive
1073 3904 1264 3967 malum,
1295 3906 1564 3970 dignoscas.
1598 3920 1727 3952 nunc
1763 3904 1891 3951 enim
1924 3902 2078 3966 impos
2110 3917 2211 3950 esse
2254 3901 2388 3950 vide·

190 3983 265 4030 ris.
331 3984 432 4030 Ar..
500 3982 719 4040 Auferat,
757 3999 840 4031 seu
885 3984 1103 4034 nebulam
1148 3985 1229 4034 ille
1269 3987 1399 4045 velit,
1431 3987 1530 4033 sive
1564 3984 1886 4048 quodcunque
1908 3982 2055 4030 aliud.
2087 3981 2262 4030 etenim
2301 3990 2388 4044 pai-

193 4071 316 4111 rstus
354 4079 455 4110 sum
496 4062 615 4110 nihil
662 4064 851 4128 penitus
889 4066 1262 4130 pretermittere,
1309 4067 1438 4132 quod
1480 4066 1564 4114 ille
1601 4065 1896 4129 praeceperit,
1927 4061 2142 4127 quisquis
2177 4059 2385 4124 denique

189 4143 266 4204 sit,
297 4144 439 4191 modo
470 4143 573 4206 ipse
609 4143 696 4190 sim
734 4143 899 4192 melior
931 4160 1166 4195 evasurum
1237 4145 1386 4210 [151]
1455 4145 1543 4194 So.
1612 4143 1762 4207 Atqui
1798 4144 1879 4192 ille
1914 4143 2079 4191 mirum
2101 4142 2150 4190 in
2191 4142 2384 4190 modum

190 4224 272 4271 tibi
315 4223 551 4288 providet.
619 4223 715 4276 Λι.
781 4224 841 4272 Ῑιι
878 4225 998 4273 illud
1042 4227 1203 4291 itaque
1246 4235 1432 4290 tempus
1491 4228 1583 4274 hoe
1617 4224 1897 4273 sacrificium
1932 4222 2120 4272 differre
2154 4221 2383 4284 optimum

194 4305 286 4352 fore
318 4321 509 4356 censeo.
578 4306 663 4356 So·
730 4306 793 4354 Et
837 4319 962 4356 recte
1006 4309 1218 4373 quidem.
1252 4309 1400 4356 tutius
1444 4307 1571 4356 enim
1616 4312 1706 4368 est,
1736 4322 1877 4370 quum
1921 4312 2053 4352 tanto
2092 4299 2300 4363 periculo
2335 4310 2386 4341 se

191 4387 434 4450 ‘ubjlcefffi
506 4386 602 4437 At..
670 4386 747 4436 sic
787 4397 875 4446 est,
914 4405 942 4436 o
974 4388 1206 4439 Socrates.
1275 4387 1464 4437 Interea
1504 4395 1679 4444 tamen,
1711 4386 1932 4449 quoniam
1969 4380 2083 4428 milri
2121 4379 2241 4424 bene
2275 4388 2386 4423 con·

314 4469 458 4517 pm.
489 4467 572 4516 Tr.
1255 4468 1300 4517 1.
2139 4458 2175 4534 ⁶2
2209 4455 2258 4504 Δ
