2917 4975
469 436 603 512 116‘
1352 445 1753 509 PLATOle
2516 442 2693 531 [1442-

465 604 682 655 Alterum
702 603 929 668 quiddam
952 617 1055 651 esse
1078 616 1268 651 necesse
1290 607 1363 649 est
1383 599 1533 665 ipsius
1547 587 1816 657 mantiam,
1831 598 2028 649 alterum
2053 615 2162 649 vero
2182 601 2335 666 ipsum
2358 617 2371 650 ε
2405 602 2445 651 si
2468 603 2663 668 quidem
2688 612 2699 621 ·

466 701 562 733 non
586 686 788 733 essentia
810 683 962 748 ipsum
986 699 1151 737 unum,
1190 682 1273 729 sed
1296 689 1350 729 ut
1369 696 1517 729 unum
1548 681 1756 729 essentis
1783 680 2054 746 participat.
2117 680 2328 731 Necesse
2357 689 2449 733 est.
2514 683 2662 740 Quod

470 765 510 813 si
529 765 726 815 alterurn
743 763 969 819 essentia,
993 763 1190 810 alterum
1212 776 1356 808 unum
1378 776 1391 810 z
1427 760 1581 824 ipsum
1606 776 1751 809 unum
1773 776 1872 810 non
1891 776 1950 811 ex
1970 760 2206 825 eo,'quod
2232 776 2397 819 unum,
2417 763 2478 810 nb
2503 778 2665 811 essen-

465 844 535 892 tis,
553 844 750 891 alterum
772 851 875 892 est:
910 858 1066 906 neque
1093 840 1317 898 essentis,
1351 841 1402 889 in
1437 848 1668 907 quantum
1697 841 1921 900 essentia,
1960 841 2021 889 nb
2050 857 2149 890 uno
2169 848 2242 890 est
2261 841 2440 890 altera:
2475 843 2558 891 sed
2583 858 2668 907 per

463 923 536 980 id,
573 924 702 987 quod
734 930 808 971 est
836 923 990 987 ipsum
1029 937 1112 986 per
1142 938 1193 970 se
1222 922 1440 979 alterum,
1469 929 1521 969 et
1551 921 1704 985 ipsum
1738 936 1821 983 per
1849 937 1901 970 se
1928 921 2078 977 uliud,
2116 921 2265 970 altera
2299 929 2411 970 sunt
2443 921 2664 973 invicem.

467 1004 679 1052 Prorsus.
744 1004 1062 1061 Quamobrem
1091 1002 1245 1065 ipsum
1277 1000 1476 1048 alterum
1513 1015 1603 1048 nec
1637 999 1740 1063 uni,
1771 1015 1862 1049 nec
1898 1001 2114 1049 essentiae
2149 1002 2275 1049 idem
2309 1009 2399 1050 est.
2466 1001 2662 1050 Verum.
2692 994 2699 999 ’

466 1083 600 1140 Quid
621 1083 772 1146 ergo?
804 1083 846 1131 si
869 1098 927 1131 ex
946 1082 1050 1131 istis
1071 1080 1350 1145 elegerimus
1371 1081 1470 1129 sive
1490 1080 1742 1129 essentiam
1761 1086 1811 1128 et
1834 1078 2051 1136 alterum,
2067 1095 2151 1129 seu
2170 1080 2418 1129 essentiam
2430 1084 2492 1129 'et
2503 1097 2671 1145 unum,

466 1162 564 1210 sive
587 1179 731 1210 unum
758 1170 808 1211 et
842 1161 1077 1210 alterum:
1114 1177 1273 1210 nonne
1311 1160 1361 1208 in
1396 1161 1610 1225 qualibet
1629 1160 1917 1208 assumtione
1945 1159 2188 1209 eliciernus
2211 1161 2390 1225 ulique,
2427 1176 2536 1224 quas
2561 1162 2670 1226 jure

468 1242 610 1289 ambo
636 1241 864 1305 appellari
887 1241 1150 1304 poterunt?
1182 1240 1477 1298 Quomodo?
1527 1239 1637 1287 Hoc
1674 1239 1839 1296 modo,
1874 1239 2086 1303 inquam.
2119 1240 2293 1288 licetne
2312 1241 2563 1289 essentiam
2594 1242 2669 1289 di-

466 1323 612 1369 cere?
645 1322 799 1372 Licet.
834 1322 1113 1386 Rursusque
1128 1321 1287 1370 dicero
1309 1320 1490 1368 unum?
1524 1318 1590 1368 Et
1620 1319 1767 1367 istud.
1814 1318 1991 1367 Nonne
2012 1325 2259 1384 utrumque
2276 1320 2460 1369 illorum
2482 1321 2662 1370 dictum
2690 1316 2695 1321 ’

465 1403 571 1450 est?
606 1402 803 1452 Dictum
843 1411 1108 1468 utrumque.
1160 1402 1362 1460 Quoties
1386 1400 1639 1449 essentiam
1671 1406 1724 1448 et
1756 1414 1902 1447 unum
1932 1399 2063 1459 dico,
2102 1414 2166 1447 an
2206 1415 2305 1448 non
2341 1400 2482 1449 umbo
2516 1401 2667 1450 dico?

467 1481 623 1533 Dicis.
689 1483 756 1532 Et
775 1483 814 1532 si
835 1485 1082 1533 essentiam
1105 1492 1249 1548 atque
1280 1483 1498 1545 alterum,
1517 1481 1619 1530 sive
1642 1480 1840 1529 alterum
1862 1487 2006 1545 atque
2027 1495 2194 1542 unum,
2230 1493 2391 1528 nonne
2411 1480 2464 1528 in
2485 1481 2548 1529 iis
2570 1481 2667 1530 sin-

467 1561 591 1624 gulis
607 1564 746 1611 ambo
769 1563 915 1612 dieo?
949 1563 1160 1612 Prorsus.
1190 1562 1314 1619 Quae
1337 1577 1448 1610 vero
1472 1561 1612 1609 ambo
1633 1569 1761 1609 recte
1782 1560 2025 1625 appellata
2046 1568 2175 1624 sunt,
2211 1560 2440 1624 numquid
2466 1568 2691 1624 possunt*

466 1644 608 1689 ambo
629 1658 748 1699 esse,
769 1658 926 1707 neque
949 1650 1105 1692 tamen
1126 1658 1231 1691 esse
1253 1642 1388 1690 duo?
1434 1640 1770 1705 Nequaquam.
1823 1640 1892 1687 At
1924 1654 2032 1702 quae
2054 1640 2153 1688 duo
2174 1647 2300 1697 sunt,
2322 1640 2580 1705 cogit-tine
2601 1643 2668 1690 ita

465 1728 687 1783 possunt,
722 1729 777 1769 ut
797 1738 894 1769 non
916 1722 1101 1770 illorum
1125 1728 1376 1785 utrumque
1395 1734 1541 1768 unum
1561 1719 1660 1766 sit?
1703 1717 1930 1767 Minime.
1979 1719 2218 1776 Quoniam
2238 1719 2382 1783 igitur
2400 1719 2492 1769 ists
2522 1722 2664 1771 simul

465 1800 565 1847 duo
586 1806 715 1864 sunt,
735 1800 914 1849 idcirco
936 1801 1306 1866 unumquodque
1330 1814 1477 1848 unum
1499 1797 1697 1847 exsistit.
1764 1797 1983 1848 Videtur.
2049 1799 2102 1847 Si
2127 1815 2273 1847 unum
2304 1799 2555 1864 quodlibet
2580 1818 2665 1851 eo·

466 1895 569 1928 rum
590 1888 680 1937 est,
702 1887 752 1928 et
773 1887 1020 1944 utrumque
1042 1896 1186 1927 unum
1208 1887 1373 1928 mutuo
1393 1878 1601 1943 quodam
1623 1878 1851 1942 conjugio
1872 1877 2073 1928 invicem
2095 1887 2171 1928 est
2191 1894 2475 1939 connexum,
2504 1897 2664 1930 nonne

466 1960 555 2007 tria
591 1959 807 2009 universa
846 1961 1109 2009 resultant?
1141 1960 1370 2008 Maxime.
1419 1959 1533 2008 Tria
1567 1974 1678 2007 vero
1711 1975 1870 2008 nonne
1908 1958 2127 2024 imparia,
2161 1961 2261 2008 duo
2297 1969 2455 2009 nutem
2493 1963 2663 2026 paria?

468 2039 687 2095 Quidni?
751 2040 816 2087 Et
835 2056 943 2090 cum
963 2041 1061 2089 duo
1085 2040 1197 2099 sint,
1221 2056 1381 2088 nonne
1404 2055 1597 2090 necesse
1618 2046 1711 2102 est,
1729 2039 1873 2088 etiam
1895 2039 1969 2088 bis
1991 2040 2157 2088 adesse
2177 2057 2190 2087 ι
2223 2049 2276 2088 et
2292 2057 2401 2091 cum
2422 2042 2527 2099 tris,
2555 2043 2663 2090 ter?

468 2120 509 2169 si
530 2120 723 2184 quidem
745 2122 932 2170 duobus
951 2122 1078 2171 inest
1091 2121 1163 2170 bis
1186 2138 1351 2181 unum,
1371 2122 1521 2170 tribus
1543 2137 1652 2170 vero
1674 2128 1746 2169 ter
1768 2136 1931 2170 unum.
1963 2120 2192 2172 Necesse.
2226 2123 2432 2172 Duobus
2453 2123 2663 2188 denique

466 2200 798 2250 exsistentibus
819 2219 875 2251 sc
913 2202 1008 2263 bis,
1041 2218 1234 2253 necesse
1263 2210 1336 2251 est
1362 2203 1462 2251 duo
1498 2203 1571 2251 bis
1601 2217 1703 2250 esse
1721 2219 1736 2249 ε
1770 2209 1821 2250 et
1852 2201 1999 2250 tribus
2033 2203 2366 2251 exsistentibus
2403 2210 2547 2267 atque
2578 2211 2669 2262 ter,

468 2296 629 2330 nonne
652 2297 840 2332 necesse
861 2291 935 2332 est
956 2299 1109 2332 rursus
1138 2283 1223 2332 tris
1256 2292 1326 2333 ter
1359 2284 1498 2332 esse?
1552 2282 1769 2341 Quidni?
1818 2282 1951 2340 Quid
1976 2284 2122 2331 vero?
2155 2282 2302 2332 tribus
2332 2282 2665 2333 exsistentibus

461 2367 606 2426 atque
628 2363 718 2426 bis,
739 2370 790 2412 et
811 2364 997 2413 duobus
1018 2371 1161 2428 atque
1184 2371 1255 2412 ter
1276 2363 1633 2428 exsistentibus,
1668 2379 1860 2412 necesse
1887 2369 1963 2411 'est
1987 2363 2073 2411 tris
2095 2363 2167 2411 bis
2189 2379 2308 2422 esse,
2345 2378 2402 2413 nc
2439 2365 2509 2412 bis
2534 2365 2661 2412 tria?

465 2440 677 2493 Necesse
699 2452 772 2494 est
793 2446 1003 2495 omnino.
1073 2445 1225 2493 Erunt
1244 2445 1389 2510 igitur
1410 2446 1585 2510 pariter
1608 2446 1757 2509 paris,
1779 2444 2110 2509 impariterque
2143 2443 2290 2508 [144]
2322 2444 2540 2508 imparia,
2572 2460 2664 2494 nec

466 2538 565 2570 non
589 2524 783 2587 imparia
816 2526 1006 2587 pariter,
1038 2532 1090 2573 et
1121 2525 1358 2589 impariter
1391 2526 1536 2588 paris.
1572 2525 1729 2574 Certe.
1762 2525 1813 2573 Si
1847 2527 1948 2574 haec
1983 2526 2049 2573 ita
2070 2541 2120 2576 se
2154 2527 2348 2589 habent,
2369 2541 2481 2574 num
2506 2521 2685 2590 putas,'

468 2600 616 2648 ullum
653 2617 899 2649 numerum
932 2603 1152 2666 relinqui,
1186 2604 1269 2666 qui
1307 2619 1404 2651 non
1439 2605 1702 2652 necessario
1740 2603 1840 2652 illic
1859 2605 2010 2652 insit?
2043 2605 2259 2655 Nullum.
2292 2606 2496 2664 Idcirco,
2530 2608 2569 2654 si
2590 2615 2663 2655 est

465 2693 632 2737 unum,
654 2695 844 2728 necesse
866 2688 940 2728 est
958 2689 1010 2729 et
1036 2697 1278 2729 numerum
1312 2696 1431 2730 esse.
1478 2681 1653 2730 Procul
1692 2683 1858 2731 dubio.
1908 2683 2052 2740 Item,
2090 2684 2131 2732 si
2152 2683 2370 2734 numerus
2390 2694 2483 2744 est,
2514 2687 2664 2735 multa

467 2759 633 2823 utique
652 2766 780 2815 sunt,
803 2767 854 2807 et
875 2760 1062 2809 infinita
1081 2761 1260 2808 eutium
1300 2761 1554 2809 multitudo
1575 2778 1589 2810 τ
1625 2769 1709 2809 aut
1740 2749 1837 2808 non
1871 2761 2084 2810 infinitus
2103 2778 2322 2814 numerus
2344 2766 2669 2829 multitudine,

464 2846 515 2887 et
536 2839 770 2903 particeps
789 2840 1004 2887 essentia
1022 2840 1115 2888 fit?
1149 2840 1380 2889 Maxime.
1428 2840 1575 2897 Quod
1599 2841 1640 2889 si
1664 2847 1790 2888 totus
1812 2840 1919 2904 ipse
1941 2857 2160 2889 numerus
2182 2853 2255 2891 est
2274 2846 2494 2892 essentias
2517 2847 2669 2908 parti·

465 2936 598 2983 ceps,
618 2935 917 2984 unaquaeque
939 2921 1082 2969 etiam
1107 2921 1339 2984 particula
1361 2922 1543 2970 numeri
1564 2921 1769 2970 essentia
1792 2921 2113 2986 participabit.
2145 2922 2356 2971 Prorsus.
2391 2923 2483 2971 Per
2502 2927 2671 2974 omnio.

464 3016 596 3064 ergo,
611 3016 718 3064 quae
742 3001 887 3049 multa
911 3010 1038 3059 sunt,
1060 3002 1266 3050 essentis
1287 3001 1597 3058 distribuitur,
1616 3017 1707 3050 nec
1728 3002 1789 3049 ab
1811 3001 1972 3064 aliquo
1991 3017 2170 3059 eorum,
2206 3017 2316 3066 qum
2347 3008 2475 3060 sunt,
2507 3004 2673 3069 abest,

465 3097 547 3129 seu
571 3081 812 3129 minimum
833 3081 926 3130 boc
947 3081 1028 3139 sit,
1051 3080 1150 3131 sive
1172 3083 1464 3130 maximum:
1508 3081 1668 3147 Atque
1693 3082 1741 3129 id
1764 3081 1979 3129 dubitare
2014 3082 2266 3130 absurdum
2293 3091 2384 3131 est.
2418 3087 2664 3147 quomodo

463 3159 591 3208 enim
612 3162 818 3210 essentia
838 3162 899 3209 ab
921 3161 1081 3225 aliquo
1097 3178 1276 3220 eorum,
1311 3177 1418 3227 quae
1440 3169 1570 3224 sunt,
1602 3162 1764 3210 abesse
1790 3161 1986 3225 potest?
2017 3161 2184 3210 Nullo.
2217 3162 2385 3211 Divisa
2402 3170 2479 3212 est
2497 3162 2664 3230 igitur,
2684 3181 2691 3186 ·

465 3241 623 3302 quoad
661 3240 759 3287 fieri
787 3241 963 3303 'pote-st,
999 3243 1048 3290 in
1073 3241 1265 3290 minima
1285 3249 1335 3290 et
1357 3242 1577 3304 maxima,
1618 3249 1761 3305 atque
1796 3243 1849 3291 iu
1878 3242 2055 3299 omnin,
2087 3258 2196 3306 quas
2228 3244 2660 3310 quomodocunque

465 3327 592 3380 sunt,
630 3320 924 3382 maximeque
956 3320 1164 3367 omnium
1200 3321 1469 3378 distributa,
1504 3329 1555 3370 et
1592 3322 1791 3370 infinitae
1814 3332 1925 3370 sunt
1945 3324 2159 3371 essentia
2181 3332 2355 3388 partes.
2418 3325 2500 3374 Sic
2521 3342 2571 3374 se
2592 3341 2666 3374 res

466 3398 626 3445 habet.
690 3397 912 3446 Plurimus
933 3398 1078 3462 igitur
1102 3398 1229 3447 illius
1250 3408 1407 3462 partes
1428 3409 1554 3448 sunt.
1591 3402 1814 3450 Plurimoe
1836 3412 1979 3454 certe.
2029 3404 2161 3462 Quid
2182 3405 2330 3453 vero?
2362 3415 2496 3453 estne
2523 3407 2666 3469 quid-

466 3493 608 3541 quam
630 3493 687 3524 ex
712 3476 828 3534 istis,
851 3479 978 3542 quod
1003 3479 1195 3542 quidem
1219 3496 1327 3543 pars
1347 3481 1566 3527 essentie
1587 3481 1665 3543 sit,
1692 3498 1789 3530 non
1826 3491 1983 3531 tamen
2008 3499 2114 3548 pars
2131 3484 2238 3548 ipsa
2258 3500 2403 3532 unum
2435 3486 2662 3549 quiddam

464 3557 563 3606 sit?
630 3556 700 3603 At
719 3573 816 3620 quo
838 3567 978 3621 pacto
1002 3558 1050 3606 id
1074 3558 1242 3608 fieret?
1307 3559 1484 3608 Verum
1508 3568 1774 3625 postquam,
1808 3569 1863 3610 ut
1895 3564 2107 3623 arbitror,
2139 3573 2231 3622 est,
2266 3581 2459 3614 necesse
2479 3574 2552 3613 est
2585 3567 2685 3630 ip-'

465 3651 563 3684 sam
586 3652 785 3698 semper,
822 3640 1047 3703 quamdiu
1085 3647 1177 3697 est,
1205 3656 1351 3688 unum
1374 3641 1555 3707 aliquid
1576 3657 1711 3691 esse:
1748 3643 1866 3690 nihil
1902 3652 2060 3692 autem
2094 3660 2216 3708 esse,
2249 3646 2539 3709 impossibile
2569 3655 2658 3695 est.

469 3715 668 3782 Absque
690 3718 853 3766 dubio.
918 3718 1032 3767 Non
1057 3719 1208 3768 solum
1229 3736 1342 3785 ergo
1364 3722 1592 3771 universae
1613 3724 1848 3781 essentia,
1884 3727 1968 3771 sed
1991 3724 2117 3772 illius
2137 3726 2280 3774 etism
2298 3727 2497 3789 singulis
2518 3728 2663 3789 parti·

468 3797 554 3844 bus
575 3812 724 3844 unum
747 3799 899 3857 adest,
937 3807 1115 3864 partem
1155 3801 1331 3849 nullam
1364 3802 1602 3860 deserens,
1638 3804 1736 3851 sive
1771 3804 1918 3867 major
1938 3804 2021 3852 illa
2042 3805 2254 3867 quidem,
2293 3822 2376 3855 seu
2399 3807 2551 3855 minor
2580 3807 2662 3865 sit,

464 3877 565 3925 sive
588 3879 1014 3945 quomodocunque
1036 3896 1087 3929 se
1109 3882 1302 3933 habeat.
1366 3881 1447 3930 Sic
1483 3890 1573 3934 est.
1639 3883 1882 3949 Numquid
1907 3899 2013 3932 cum
2036 3887 2098 3932 sit
2119 3901 2282 3948 unum,
2315 3887 2492 3950 ubique
2522 3887 2659 3935 simul

465 3964 540 4005 est
562 3958 748 4005 totum?
784 3959 1035 4023 diligenter
1056 3962 1106 4009 id
1129 3962 1329 4026 inspice.
1396 3963 1612 4020 Intueor,
1633 3972 1775 4029 atque
1796 3966 1888 4014 hoc
1904 3981 2006 4013 esse
2028 3964 2319 4026 impossibile
2339 3966 2499 4015 rideo.
2568 3967 2683 4015 Di--

466 4036 614 4083 visu‘m
636 4037 814 4101 itaque,
831 4039 924 4089 nisi
946 4048 1113 4089 totum.
1144 4058 1300 4107 neque
1321 4043 1447 4092 enim
1471 4045 1604 4092 aliter
1626 4045 1850 4093 universis
1866 4045 2005 4094 simul
2027 4047 2244 4094 essentis>
2266 4047 2495 4109 partibus,
2516 4063 2660 4112 quam

463 4117 685 4181 divisum,
708 4117 873 4170 ederit.
889 4118 985 4168 'Sic
1006 4129 1094 4168 est.
1127 4121 1366 4179 Ceterum,
1405 4125 1534 4188 quod
1560 4125 1778 4187 partibile
1800 4133 1891 4189 est,
1915 4126 2174 4175 necessario
2196 4127 2396 4174 totidem
2416 4135 2509 4185 est,
2542 4138 2662 4193 quot

464 4196 674 4260 partibus
695 4206 895 4247 constat.
926 4198 1224 4252 Necessario.
1256 4202 1362 4252 Hac
1385 4204 1446 4252 de
1469 4219 1613 4253 causs
1641 4206 1771 4253 haud
1805 4215 1933 4255 recte
1959 4207 2100 4269 paulo
2123 4215 2235 4255 ante
2256 4206 2550 4265 dicebamus,
2584 4223 2659 4255 es·

462 4279 658 4326 sentiam
684 4279 731 4325 in
755 4287 908 4342 partes
931 4280 1152 4343 plurimas
1172 4281 1502 4335 distributam:
1535 4286 1717 4350 quippe
1749 4301 1858 4334 cum
1892 4302 1989 4337 non
2027 4286 2075 4334 in
2113 4287 2285 4351 plures,
2324 4303 2466 4351 quam
2504 4288 2660 4351 ipsum

465 4371 628 4415 unum,
661 4359 741 4407 sed
782 4376 933 4423 pares,
961 4361 1162 4409 discreta
1201 4362 1276 4410 sit.
1311 4379 1467 4428 neque
1496 4366 1623 4414 enim
1655 4382 1740 4415 ens
1765 4368 1864 4423 uni,
1901 4383 2056 4431 neque
2078 4383 2224 4415 unum
2246 4369 2348 4416 enti
2360 4369 2536 4428 ’ἀπεὶς
2570 4369 2655 4415 sed

464 4434 558 4482 duo
579 4439 680 4489 haec
701 4442 859 4504 potius
877 4457 964 4508 per
985 4443 1143 4493 omnin
1161 4444 1352 4510 penitus
1368 4455 1688 4514 coaequsntur.
1755 4448 1966 4499 Omnino
2000 4448 2069 4501 sio
2091 4457 2305 4516 apparet.
2374 4447 2547 4516 Ipsum
2563 4449 2652 4498 ita·
