2917 4975
522 438 600 496 88
959 466 964 471 ·
1413 431 1812 496 PLAToms
2576 441 2720 519 [163

525 592 623 639 bat.
686 589 818 638 Dum
837 587 906 636 ita
929 586 1214 654 loqueretur,
1239 587 1428 635 subrisit
1449 587 1749 647 Charmides,
1772 589 2062 654 Critiamque
2084 591 2286 657 aspexit.
2351 590 2523 643 Critias
2543 604 2722 653 autem·

521 670 636 720 licet
655 679 767 718 ante
783 670 842 718 ad
861 668 1184 719 disserendum
1206 668 1429 716 adversus
1445 666 1747 716 Charmidem
1765 668 1976 734 aliosque
1988 671 2254 735 cupiditate
2272 671 2433 735 glorias
2450 672 2723 737 instigatus,

516 766 566 798 se
587 752 814 800 hactenus
833 747 1146 806 continuerat,
1165 749 1248 796 sed
1273 748 1467 797 ulterius
1496 748 1557 795 ad
1578 750 1680 796 hnc
1702 763 1754 796 se
1770 749 2015 798 continere
2034 765 2131 799 non
2151 751 2311 816 potuit
2334 769 2347 799 ε
2381 751 2631 817 visumque
2648 762 2719 802 est

519 831 633 878 mihi
654 846 814 880 verum
833 846 953 887 esse,
992 830 1123 895 quod
1144 828 1320 878 fueram
1341 828 1627 891 suspicatus,
1660 827 1790 876 iilam
1812 828 1997 878 scilicet
2016 832 2079 879 de
2100 831 2411 895 temperantia
2432 833 2717 896 superiorem

518 912 799 959 sententiam
822 926 851 959 a
870 910 1023 960 Critia
1058 909 1360 959 Charmidem
1397 909 1655 974 accepisse.
1723 910 1885 968 Quare
1907 910 2187 961 Charmides
2211 912 2380 962 nolens
2399 911 2503 977 ipae
2522 928 2721 977 respon-

520 1008 621 1040 sum
642 992 800 1057 tutari,
836 999 886 1042 et
906 994 1034 1042 hunc
1071 993 1121 1040 in
1151 991 1347 1042 Critiam
1377 991 1585 1040 laborem
1620 990 1813 1056 rejicere
1847 993 2064 1058 cupiens,
2102 1008 2211 1042 eum
2243 993 2379 1057 quasi
2415 994 2717 1058 redargutum

517 1073 758 1122 ostendit:
792 1075 922 1139 quod
960 1073 1041 1122 ille
1079 1074 1270 1122 minime
1307 1073 1540 1128 toleravit,
1578 1072 1676 1120 imo
1717 1073 1936 1122 adversus
1978 1088 2087 1122 enm
2120 1073 2248 1122 haud
2280 1089 2417 1122 secus
2447 1074 2720 1139 indignatus

517 1153 660 1202 fuisse
681 1154 884 1214 videtur,
922 1171 979 1204 ac
1014 1154 1165 1218 poiita
1198 1153 1422 1202 adversus
1458 1152 1730 1201 histrionem
1770 1152 1937 1218 inepte
1979 1169 2065 1202 sua
2109 1152 2332 1218 poemata
2374 1161 2718 1208 recensentem.

517 1232 732 1298 Ideoque
750 1236 886 1284 illum
904 1233 1130 1293 intuitus,
1159 1234 1299 1283 Itane
1331 1242 1489 1298 putas,
1526 1234 1820 1291 Charmides,
1858 1233 1896 1282 si
1937 1241 1987 1282 tu
2009 1249 2307 1300 nequaquam
2331 1234 2578 1299 intelligis,
2610 1236 2721 1300 quis

517 1314 622 1378 ejus
644 1316 783 1364 fuerit
802 1332 984 1379 sensus,
1006 1315 1090 1379 qui
1107 1322 1249 1379 agere
1271 1330 1356 1363 sua
1370 1314 1725 1378 temperantiam
1749 1330 1850 1363 esse
1870 1316 2084 1373 asseruit,
2123 1330 2282 1379 neque
2303 1315 2457 1378 ipsum
2478 1315 2623 1363 etiam
2644 1316 2719 1364 in·

515 1395 725 1460 telligere
747 1397 766 1444 ?
832 1396 877 1445 O
904 1396 971 1444 vir
985 1397 1182 1460 optime,
1196 1395 1407 1460 inquam,
1423 1390 1728 1444 nihilmirum
1752 1404 1845 1459 est,
1881 1396 2007 1445 hunc
2028 1395 2430 1444 adolescentulum
2454 1411 2551 1444 non
2572 1396 2714 1445 intel-

513 1475 678 1540 ligere.
712 1484 761 1525 te
783 1492 892 1526 vero
914 1476 1088 1525 decens
1108 1483 1184 1525 est
1202 1476 1305 1524 haec
1325 1490 1630 1539 cognoscere,
1652 1485 1703 1522 et
1723 1474 1894 1534 etatis,
1928 1484 1980 1524 et
2002 1475 2145 1523 studii
2166 1490 2324 1525 causa.
2390 1475 2440 1523 si
2462 1491 2576 1541 ergo
2596 1492 2715 1526 eon-

512 1555 666 1604 firmas
687 1566 736 1606 et
757 1556 878 1621 ipse,
899 1555 1255 1619 temperantiam
1277 1570 1380 1603 esse
1401 1554 1532 1619 quod
1555 1554 1634 1602 hic
1655 1555 1791 1612 dixit,
1805 1570 2162 1620 sermonemque
2177 1557 2305 1604 hunc
2327 1556 2546 1620 suscipis,
2563 1558 2722 1606 liben-⁴

512 1636 607 1683 tius
629 1643 803 1692 tecum,
827 1643 981 1683 utrum
1001 1636 1051 1683 id
1073 1650 1233 1683 verum
1257 1635 1337 1691 sit,
1359 1650 1529 1690 necne,
1550 1634 1806 1698 indagabo.
1873 1635 1994 1684 Car.
2029 1635 2270 1685 confirmo
2292 1630 2513 1701 equidem
2535 1646 2589 1687 et
2609 1654 2717 1688 sus-

511 1715 658 1778 cipio.
707 1716 793 1763 80.
819 1714 973 1762 Recte
994 1714 1110 1778 agis.
1132 1714 1231 1772 dic,
1253 1714 1467 1770 obsecro,
1484 1713 1655 1761 Utrum
1678 1729 1786 1776 qum
1809 1714 1951 1777 paulo
1972 1723 2082 1763 ante
2097 1716 2382 1780 querebam,
2395 1716 2714 1775 admituntt—

510 1795 663 1844 tifices
684 1794 908 1843 videlicet
927 1809 1088 1843 omnes
1110 1794 1290 1858 aliquid
1304 1793 1488 1841 facere?
1540 1792 1664 1843 Clu.
1698 1792 1952 1857 Equidem.
2007 1796 2095 1845 So.
2128 1796 2368 1845 Videntur
2389 1797 2476 1846 tibi
2495 1812 2582 1846 sua
2604 1807 2711 1848 tan·

511 1882 630 1933 tum,
650 1874 796 1939 [168]
817 1890 877 1923 an
892 1874 1047 1924 aliena
1067 1875 1261 1939 insuper
1277 1873 1465 1922 facere?
1507 1873 1628 1924 Car.
1663 1873 1839 1922 Aliena
1854 1889 2065 1939 quoque.
2111 1875 2197 1925 So.
2212 1875 2548 1941 Temperanter
2562 1888 2713 1943 agunt

512 1956 693 2020 itaque,
713 1956 795 2021 qui
808 1971 906 2004 non
922 1971 1008 2004 sua
1023 1962 1209 2004 tantum
1219 1954 1435 2003 faciunt?
1470 1953 1592 2004 Car.
1618 1954 1748 2012 Quid
1768 1955 2019 2019 prohibet?
2075 1956 2161 2005 So.
2183 1956 2327 2014 Quod
2346 1959 2405 2006 ad
2421 1970 2711 2023 mespectat,

512 2037 632 2086 nihii
653 2055 665 2084 ε
701 2037 784 2086 sed
806 2036 934 2095 vide,
970 2051 1031 2084 ne
1052 2035 1168 2101 quid
1191 2036 1320 2100 apud
1343 2050 1452 2083 eum
1475 2035 1740 2100 prohibeat,
1779 2036 1860 2100 qui
1882 2052 1989 2085 cum
2014 2038 2331 2103 supposuerit,
2353 2041 2710 2103 temperantiam

514 2133 616 2167 esse
637 2133 775 2182 agere
789 2133 890 2175 sua,
912 2117 1088 2167 deinde
1109 2125 1268 2166 tamen
1289 2116 1358 2164 ait
1375 2116 1495 2165 nihil
1518 2116 1722 2175 obstare,
1743 2119 1859 2181 quin
1880 2125 1931 2166 et
1949 2118 2043 2181 illi,
2062 2119 2148 2183 qui
2168 2118 2321 2168 aliena
2338 2128 2506 2184 agunt,
2525 2128 2713 2185 tempe.

510 2199 598 2246 rati
619 2199 730 2248 sint.
768 2198 888 2249 Car.
922 2178 1153 2248 C'oncessi
1167 2197 1407 2262 equidem,
1420 2213 1521 2256 eos,
1538 2199 1623 2263 qui
1636 2198 1791 2247 aliena
1808 2206 1973 2264 agunt,
1988 2206 2271 2265 temperatos
2289 2216 2420 2251 essee
2457 2215 2518 2248 an
2535 2209 2587 2249 et
2605 2218 2706 2261 eos,

515 2280 596 2344 qui
618 2281 817 2338 faciunt,
839 2288 914 2329 est
932 2280 1242 2329 concessum?
1309 2279 1394 2329 So.
1427 2279 1526 2329 Dic
1549 2279 1681 2337 mihi,
1705 2280 1873 2344 Critia,
1897 2297 1992 2329 non
2015 2282 2140 2331 idem
2163 2296 2303 2330 vocas
2323 2297 2462 2345 agere
2482 2283 2710 2346 atquefa-

512 2361 652 2409 cere?
723 2360 845 2410 Car.
877 2360 993 2410 Non
1011 2370 1136 2411 certe
1157 2379 1170 2409 ε
1204 2377 1361 2427 neque
1382 2361 1508 2410 idem
1532 2362 1715 2426 operari
1737 2377 1794 2411 ac
1811 2363 1980 2411 faeere.
2013 2378 2123 2411 nam
2146 2362 2195 2410 id
2217 2363 2278 2410 ab
2299 2362 2515 2412 Hesiodo
2537 2363 2705 2423 didici,

510 2443 591 2507 qui
616 2442 700 2501 ait,
730 2442 868 2506 Opus
887 2442 1067 2491 nullum
1089 2449 1226 2507 turpe
1246 2458 1364 2493 esse.
1432 2441 1513 2491 An
1535 2458 1720 2504 censes,
1757 2444 1930 2507 ipsum,
1953 2444 1993 2492 si
2016 2443 2130 2493 talia
2149 2445 2367 2509 quadam
2388 2458 2532 2509 opera
2554 2442 2707 2495 nomi·

508 2530 683 2581 nasset,
710 2524 985 2587 operarique
1004 2530 1056 2572 et
1076 2539 1230 2587 agere,
1260 2524 1419 2588 qualia
1435 2531 1487 2572 tu
1503 2540 1645 2589 supra
1661 2525 1896 2590 narrabas,
1924 2526 2069 2574 fuisse
2086 2526 2339 2583 dicturum,
2375 2541 2499 2590 opus
2520 2526 2707 2575 nullum

511 2603 732 2666 cuiquam
756 2613 908 2666 turpe,
933 2618 1018 2651 seu
1048 2603 1174 2650 coria
1204 2603 1451 2660 incidenti,
1489 2600 1575 2652 ceu
1597 2605 1807 2668 cauponi
1830 2606 2134 2654 condimenta
2151 2606 2443 2671 obsoniaque
2464 2607 2709 2665 vendenti,

505 2682 671 2731 sivein
695 2684 885 2731 taberna
914 2682 1129 2730 sedenti?
1191 2681 1336 2729 Haud
1376 2684 1442 2730 ita
1477 2684 1783 2741 censendum,
1820 2700 1849 2731 o
1884 2685 2114 2744 Socrates.
2148 2686 2290 2734 immo
2311 2702 2422 2736 vero
2458 2686 2558 2742 ine,
2594 2703 2704 2737 meo

506 2763 698 2828 quidem
713 2761 920 2825 judicio,
940 2762 1240 2812 effectionem
1262 2762 1389 2811 aliud
1425 2776 1568 2828 quam
1603 2763 1838 2812 actionem
1866 2771 1917 2813 et
1951 2766 2270 2827 operationem
2304 2767 2621 2816 existimavit:
2657 2777 2710 2818 et

503 2842 799 2893 effectionem
822 2844 1012 2907 quidem
1045 2843 1281 2892 interdum
1317 2843 1577 2908 opprobrio
1612 2859 1731 2900 esse,
1762 2844 1955 2908 quando
1986 2844 2102 2908 quid
2125 2851 2292 2909 pneter
2312 2846 2560 2894 honestum
2584 2848 2706 2897 faci-

506 2940 625 2989 mus,
644 2940 766 2988 opus
786 2934 944 2974 autem
968 2923 1146 2972 nulium
1178 2940 1385 2990 unquam
1424 2925 1650 2974 dedecori
1672 2925 1804 2973 nobis
1827 2925 2117 2988 contingere.
2150 2940 2257 2988 quae
2278 2924 2406 2973 enim
2427 2926 2630 2975 honeste
2653 2938 2707 2976 et

506 3006 685 3054 utiliter
705 3005 842 3064 fiunt,
866 3021 1010 3070 opera
1041 3005 1371 3070 nuncupavit5
1405 3004 1796 3069 operationesque
1819 3015 1871 3054 et
1888 3004 2118 3061 actiones,
2156 3004 2434 3052 effectiones
2464 3006 2701 3069 quasdam

503 3086 791 3151 hujusmodi.
857 3085 1232 3136 Existimandum
1273 3095 1515 3150 praeterea,
1548 3085 1680 3134 illum
1716 3087 1818 3134 sola
1851 3087 1957 3134 haec
1977 3086 2523 3150 propriaessecensere:
2558 3089 2703 3137 noxia

502 3183 611 3216 vero
628 3169 802 3231 omnia,
825 3168 1013 3231 penitus
1035 3167 1204 3217 aliena.
1273 3168 1591 3225 Quamobrem
1624 3167 1833 3215 arbitrari
1858 3174 2061 3231 oportet,
2098 3174 2147 3215 et
2167 3166 2448 3224 Hesiodum,
2483 3173 2532 3214 et
2551 3167 2697 3216 alium

501 3262 884 3309 unumquemque
906 3261 1034 3294 sanae
1057 3248 1225 3294 mentis
1245 3247 1414 3307 virum,
1436 3247 1673 3295 hominem
1697 3247 1763 3295 ita
1784 3262 1870 3296 sua
1902 3254 2138 3310 agentem,
2178 3252 2488 3310 temperatum
2511 3263 2694 3298 vocare.

504 3328 588 3376 So.
625 3325 670 3374 O
693 3326 858 3382 Critia,
880 3340 987 3373 cum
1011 3326 1209 3387 primum
1234 3325 1362 3388 ioqui
1384 3327 1605 3388 coepisti,
1630 3328 1837 3390 percepi,
1858 3336 1904 3376 te
1924 3327 2109 3390 propria
2123 3335 2270 3375 etsua
2287 3325 2536 3390 cujusque,
2572 3329 2699 3378 bona

501 3406 678 3462 dicere,
713 3405 1033 3467 bonorumque
1068 3403 1360 3460 effectiones,
1394 3404 1604 3452 actiones
1640 3406 1958 3454 denominare.
1991 3406 2167 3455 etenim
2206 3422 2417 3470 perstepe
2439 3408 2696 3457 Prodicum

501 3484 681 3543 audivi,
702 3485 829 3533 hunc
842 3484 890 3531 in
912 3484 1102 3531 modum
1115 3482 1308 3531 nomina
1326 3483 1714 3547 distinguentem.
1782 3485 2008 3534 Concedo
2031 3487 2251 3550 equidem
2274 3487 2360 3535 tibi
2394 3503 2480 3551 pro
2501 3488 2694 3536 arbitrio

501 3564 770 3614 nominibus
802 3564 901 3612 uti:
937 3563 1080 3611 modo
1113 3563 1167 3611 id
1194 3563 1421 3621 declares,
1453 3563 1570 3628 quid
1604 3564 1794 3613 nomine
1828 3580 2018 3630 quoque
2051 3567 2311 3631 significare
2348 3568 2480 3617 velis.
2546 3567 2690 3618 Nunc

501 3647 642 3710 igitur
658 3646 826 3694 iterum
849 3660 878 3693 a
900 3643 1135 3709 principio
1156 3643 1327 3693 clarius
1346 3644 1565 3702 definito,
1588 3652 1741 3693 utrum
1758 3646 1985 3694 bonorum
2006 3647 2259 3708 actionem,
2282 3648 2356 3695 vel
2374 3647 2696 3708 effectionem,

499 3729 575 3778 vel
610 3728 1036 3793 quomodocunque
1072 3726 1186 3774 velis
1222 3725 1358 3774 aliter
1390 3727 1650 3789 nominare,
1685 3727 2042 3791 temperantiam
2080 3744 2182 3777 esse
2216 3729 2362 3777 dicas.
2428 3729 2549 3779 Cat.
2584 3730 2695 3779 Hoc

500 3811 653 3874 ipsum
675 3808 914 3871 equidem.
977 3807 1063 3856 80.
1099 3807 1211 3856 Non
1243 3822 1354 3870 ergo
1393 3814 1707 3870 temperanter
1742 3808 1859 3871 agit,
1896 3808 1981 3871 qui
2017 3808 2155 3866 mala,
2177 3811 2260 3857 sed
2283 3809 2366 3872 qui
2389 3810 2512 3857 bona
2536 3811 2695 3873 potius

500 3890 615 3953 agit.
683 3887 804 3937 Cur.
836 3888 947 3937 Tibi
969 3903 1092 3945 vero,
1116 3903 1145 3934 o
1167 3888 1293 3935 bone
1316 3887 1400 3944 vir,
1421 3901 1582 3934 nonne
1601 3885 1649 3934 id
1674 3886 1895 3954 videtur?
1963 3889 2048 3937 So.
2083 3889 2229 3937 Mitte
2251 3890 2376 3938 istud
2400 3891 2451 3939 in
2484 3906 2690 3954 prasen-

497 3971 582 4019 tia.
613 3969 824 4017 nondum
862 3970 989 4033 quod
1028 3968 1144 4016 mihi
1181 3968 1385 4028 videtur,
1431 3982 1590 4015 verum
1632 3969 1763 4032 quod
1806 3968 1909 4032 ipse
1951 3969 2089 4027 dicis,
2132 3971 2497 4020 consideramus.
2563 3971 2687 4020 Cur.

498 4052 749 4101 Enimvero
789 4064 1026 4113 nunquam
1051 4055 1308 4111 temperate
1345 4048 1478 4097 ilium
1509 4064 1647 4112 agere
1668 4049 1988 4113 praedicarem,
2028 4051 2112 4114 qui
2135 4066 2230 4098 non
2255 4051 2396 4108 bona,
2424 4052 2509 4101 sed
2547 4054 2694 4109 mala,

498 4140 624 4198 agat.
657 4146 764 4178 nam
790 4129 936 4194 [164]
972 4129 1207 4177 actionem
1240 4129 1388 4193 ipsam
1413 4130 1642 4179 bonorum
1679 4130 2034 4193 temperantiam
2068 4147 2171 4180 esse
2204 4132 2449 4181 manifeste
2489 4132 2691 4182 definio.

498 4216 583 4264 80.
617 4212 756 4261 Forte
775 4210 893 4259 nihii
916 4211 1149 4274 prohibet,
1171 4210 1286 4275 quin
1305 4227 1413 4260 vere
1451 4211 1671 4276 loquaris.
1704 4211 1796 4260 hoc
1832 4219 1992 4259 tamen
2014 4212 2234 4275 admiror,
2271 4212 2312 4261 si
2332 4213 2548 4262 homines
2569 4222 2689 4262 tcm-

497 4303 656 4360 perate
697 4299 889 4357 agentes
927 4292 1139 4357 ignorare
1176 4301 1330 4355 putas,
1364 4293 1495 4356 quod
1528 4299 1784 4357 temperate
1814 4299 1972 4357 agant.
2040 4293 2162 4342 Cur.
2193 4291 2509 4357 Nequaquam
2549 4303 2703 4358 putu..

497 4376 581 4426 80.
613 4375 691 4425 An
724 4391 823 4424 non
857 4373 1004 4439 paulo
1040 4381 1152 4422 ante
1184 4375 1266 4423 abs
1297 4382 1345 4422 te
1376 4374 1557 4423 dictum
1588 4382 1677 4436 est,
1714 4374 1847 4438 quod
1869 4372 1987 4422 nihil
2022 4373 2221 4423 artifices
2254 4374 2491 4439 prohihet,
2531 4374 2689 4425 aliena

501 4455 642 4506 etiam
675 4457 919 4520 iacientes,
973 4462 1286 4521 temperanter
1317 4453 1511 4505 vivere?
1596 4455 1718 4509 (ἕω.
1770 4453 1970 4506 Dictum
2007 4454 2257 4521 protecto:
2308 4455 2392 4506 sed
2426 4456 2545 4522 quid
2589 4464 2695 4506 tum
