<?xml version="1.0" encoding="UTF-8"?>
<!DOCTYPE html PUBLIC "-//W3C//DTD XHTML 1.0 Transitional//EN"
    "http://www.w3.org/TR/xhtml1/DTD/xhtml1-transitional.dtd">
<html xmlns="http://www.w3.org/1999/xhtml" xml:lang="en" lang="en">
 <head>
  <title>
</title>
<meta http-equiv="Content-Type" content="text/html;charset=utf-8" />
  <meta name='ocr-system' content='tesseract 3.04.00' />
  <meta name='ocr-capabilities' content='ocr_page ocr_carea ocr_par ocr_line ocrx_word'/>
</head>
<body>
  <div class='ocr_page' id='page_1' title='image "./platonisetquaev05unkngoog_0124.png"; bbox 0 0 2917 4975; ppageno 0'>
   <div class='ocr_carea' id='block_1_1' title="bbox 497 423 2682 519">
    <p class='ocr_par' dir='ltr' id='par_1_1' title="bbox 497 423 2682 519">
     <span class='ocr_line' id='line_1_1' title="bbox 497 423 2682 519; baseline 0.003 -26"><span class='ocrx_word' id='word_1_1' title='bbox 497 430 616 495; x_wconf 78' lang='lat'>102</span> <span class='ocrx_word' id='word_1_2' title='bbox 1398 423 1795 495; x_wconf 73' lang='lat' dir='ltr'>PLATONIS</span> <span class='ocrx_word' id='word_1_3' title='bbox 2582 442 2682 519; x_wconf 79' lang='grc' dir='ltr'>[ιι</span> 
     </span>
    </p>
   </div>
   <div class='ocr_carea' id='block_1_2' title="bbox 487 576 2690 4533">
    <p class='ocr_par' dir='ltr' id='par_1_2' title="bbox 487 576 2690 4533">
     <span class='ocr_line' id='line_1_2' title="bbox 495 576 2690 656; baseline 0.001 -19"><span class='ocrx_word' id='word_1_4' title='bbox 495 589 676 638; x_wconf 68' lang='lat' dir='ltr'>fartum</span> <span class='ocrx_word' id='word_1_5' title='bbox 698 589 876 654; x_wconf 78' lang='lat' dir='ltr'>aliquid</span> <span class='ocrx_word' id='word_1_6' title='bbox 899 596 988 645; x_wconf 76' lang='lat' dir='ltr'>est,</span> <span class='ocrx_word' id='word_1_7' title='bbox 1009 597 1092 637; x_wconf 84' lang='lat' dir='ltr'>aut</span> <span class='ocrx_word' id='word_1_8' title='bbox 1109 585 1289 653; x_wconf 76' lang='lat' dir='ltr'>ailquid</span> <span class='ocrx_word' id='word_1_9' title='bbox 1311 587 1373 637; x_wconf 90' lang='lat' dir='ltr'>ab</span> <span class='ocrx_word' id='word_1_10' title='bbox 1391 576 1555 654; x_wconf 73' lang='lat' dir='ltr'>&#39;aliquo</span> <span class='ocrx_word' id='word_1_11' title='bbox 1572 590 1794 654; x_wconf 78' lang='lat' dir='ltr'>patiens?</span> <span class='ocrx_word' id='word_1_12' title='bbox 1861 587 1962 641; x_wconf 76' lang='lat' dir='ltr'>Eu.</span> <span class='ocrx_word' id='word_1_13' title='bbox 1989 590 2201 640; x_wconf 80' lang='lat' dir='ltr'>Prorsus.</span> <span class='ocrx_word' id='word_1_14' title='bbox 2263 589 2350 641; x_wconf 81' lang='lat' dir='ltr'>So.</span> <span class='ocrx_word' id='word_1_15' title='bbox 2384 590 2521 641; x_wconf 77' lang='lat' dir='ltr'>Istud</span> <span class='ocrx_word' id='word_1_16' title='bbox 2545 591 2690 656; x_wconf 81' lang='lat' dir='ltr'>igilur</span> 
     </span>
     <span class='ocr_line' id='line_1_3' title="bbox 496 669 2688 736; baseline 0 -17"><span class='ocrx_word' id='word_1_17' title='bbox 496 672 666 719; x_wconf 76' lang='lat' dir='ltr'>eodem</span> <span class='ocrx_word' id='word_1_18' title='bbox 688 670 849 726; x_wconf 84' lang='lat' dir='ltr'>modo,</span> <span class='ocrx_word' id='word_1_19' title='bbox 882 684 978 732; x_wconf 86' lang='lat' dir='ltr'>quo</span> <span class='ocrx_word' id='word_1_20' title='bbox 1011 669 1267 733; x_wconf 78' lang='lat' dir='ltr'>superiora,</span> <span class='ocrx_word' id='word_1_21' title='bbox 1301 684 1353 718; x_wconf 80' lang='lat' dir='ltr'>se</span> <span class='ocrx_word' id='word_1_22' title='bbox 1381 670 1552 718; x_wconf 84' lang='lat' dir='ltr'>habet:</span> <span class='ocrx_word' id='word_1_23' title='bbox 1586 685 1702 728; x_wconf 85' lang='lat' dir='ltr'>uon,</span> <span class='ocrx_word' id='word_1_24' title='bbox 1739 670 1853 734; x_wconf 86' lang='lat' dir='ltr'>qula</span> <span class='ocrx_word' id='word_1_25' title='bbox 1869 678 2074 719; x_wconf 81' lang='lat' dir='ltr'>amatum</span> <span class='ocrx_word' id='word_1_26' title='bbox 2093 678 2185 729; x_wconf 83' lang='lat' dir='ltr'>est,</span> <span class='ocrx_word' id='word_1_27' title='bbox 2218 679 2417 731; x_wconf 84' lang='lat' dir='ltr'>amatur,</span> <span class='ocrx_word' id='word_1_28' title='bbox 2456 687 2486 720; x_wconf 91' lang='lat' dir='ltr'>a</span> <span class='ocrx_word' id='word_1_29' title='bbox 2518 673 2688 736; x_wconf 85' lang='lat' dir='ltr'>quibus</span> 
     </span>
     <span class='ocr_line' id='line_1_4' title="bbox 496 748 2689 816; baseline 0.001 -18"><span class='ocrx_word' id='word_1_30' title='bbox 496 756 692 805; x_wconf 80' lang='lat' dir='ltr'>amatur,</span> <span class='ocrx_word' id='word_1_31' title='bbox 728 749 811 797; x_wconf 83' lang='lat' dir='ltr'>sed</span> <span class='ocrx_word' id='word_1_32' title='bbox 851 748 965 812; x_wconf 86' lang='lat' dir='ltr'>quia</span> <span class='ocrx_word' id='word_1_33' title='bbox 995 758 1195 812; x_wconf 80' lang='lat' dir='ltr'>amatur,</span> <span class='ocrx_word' id='word_1_34' title='bbox 1227 756 1451 798; x_wconf 83' lang='lat' dir='ltr'>amatum.</span> <span class='ocrx_word' id='word_1_35' title='bbox 1517 749 1619 798; x_wconf 81' lang='grc' dir='ltr'>Ευ.</span> <span class='ocrx_word' id='word_1_36' title='bbox 1648 749 1876 800; x_wconf 71' lang='lat' dir='ltr'>Necesse.</span> <span class='ocrx_word' id='word_1_37' title='bbox 1940 750 2028 801; x_wconf 83' lang='lat' dir='ltr'>So.</span> <span class='ocrx_word' id='word_1_38' title='bbox 2062 751 2195 809; x_wconf 87' lang='lat' dir='ltr'>Quid</span> <span class='ocrx_word' id='word_1_39' title='bbox 2231 752 2394 816; x_wconf 86' lang='lat' dir='ltr'>itaque</span> <span class='ocrx_word' id='word_1_40' title='bbox 2429 751 2493 800; x_wconf 84' lang='lat' dir='ltr'>do</span> <span class='ocrx_word' id='word_1_41' title='bbox 2527 760 2689 801; x_wconf 66' lang='lat' dir='ltr'>uncto</span> 
     </span>
     <span class='ocr_line' id='line_1_5' title="bbox 493 828 2689 895; baseline 0.001 -18"><span class='ocrx_word' id='word_1_42' title='bbox 493 828 711 891; x_wconf 81' lang='lat' dir='ltr'>dicimus,</span> <span class='ocrx_word' id='word_1_43' title='bbox 734 843 766 876; x_wconf 90' lang='lat' dir='ltr'>o</span> <span class='ocrx_word' id='word_1_44' title='bbox 785 828 1134 894; x_wconf 76' lang='lat' dir='ltr'>Euthypbron?</span> <span class='ocrx_word' id='word_1_45' title='bbox 1165 847 1227 879; x_wconf 89' lang='lat' dir='ltr'>an</span> <span class='ocrx_word' id='word_1_46' title='bbox 1247 831 1376 895; x_wconf 88' lang='lat' dir='ltr'>quod</span> <span class='ocrx_word' id='word_1_47' title='bbox 1399 831 1459 879; x_wconf 81' lang='lat' dir='ltr'>ab</span> <span class='ocrx_word' id='word_1_48' title='bbox 1482 831 1704 880; x_wconf 82' lang='lat' dir='ltr'>omnibus</span> <span class='ocrx_word' id='word_1_49' title='bbox 1725 831 1817 880; x_wconf 87' lang='lat' dir='ltr'>diis</span> <span class='ocrx_word' id='word_1_50' title='bbox 1837 839 2036 889; x_wconf 87' lang='lat' dir='ltr'>amatur,</span> <span class='ocrx_word' id='word_1_51' title='bbox 2074 840 2129 880; x_wconf 87' lang='lat' dir='ltr'>ut</span> <span class='ocrx_word' id='word_1_52' title='bbox 2159 832 2308 881; x_wconf 84' lang='lat' dir='ltr'>oratio</span> <span class='ocrx_word' id='word_1_53' title='bbox 2340 840 2423 880; x_wconf 87' lang='lat' dir='ltr'>tua</span> <span class='ocrx_word' id='word_1_54' title='bbox 2455 833 2689 880; x_wconf 81' lang='lat' dir='ltr'>testatur?</span> 
     </span>
     <span class='ocr_line' id='line_1_6' title="bbox 493 908 2688 977; baseline 0.002 -22"><span class='ocrx_word' id='word_1_55' title='bbox 493 908 590 956; x_wconf 76' lang='lat' dir='ltr'>Bu.</span> <span class='ocrx_word' id='word_1_56' title='bbox 623 908 792 959; x_wconf 77' lang='lat' dir='ltr'>Immo.</span> <span class='ocrx_word' id='word_1_57' title='bbox 855 910 939 958; x_wconf 89' lang='lat' dir='ltr'>So.</span> <span class='ocrx_word' id='word_1_58' title='bbox 973 909 1220 975; x_wconf 80' lang='lat' dir='ltr'>Numquid</span> <span class='ocrx_word' id='word_1_59' title='bbox 1259 913 1323 960; x_wconf 86' lang='lat' dir='ltr'>ob</span> <span class='ocrx_word' id='word_1_60' title='bbox 1359 912 1471 969; x_wconf 82' lang='lat' dir='ltr'>boc,</span> <span class='ocrx_word' id='word_1_61' title='bbox 1510 913 1642 977; x_wconf 87' lang='lat' dir='ltr'>quod</span> <span class='ocrx_word' id='word_1_62' title='bbox 1680 920 1893 961; x_wconf 84' lang='lat' dir='ltr'>sanctum</span> <span class='ocrx_word' id='word_1_63' title='bbox 1929 920 2022 969; x_wconf 81' lang='lat' dir='ltr'>est,</span> <span class='ocrx_word' id='word_1_64' title='bbox 2054 927 2117 961; x_wconf 85' lang='lat' dir='ltr'>an</span> <span class='ocrx_word' id='word_1_65' title='bbox 2153 913 2217 962; x_wconf 86' lang='lat' dir='ltr'>ob</span> <span class='ocrx_word' id='word_1_66' title='bbox 2254 911 2384 961; x_wconf 89' lang='lat' dir='ltr'>aliud</span> <span class='ocrx_word' id='word_1_67' title='bbox 2423 911 2688 977; x_wconf 76' lang='lat' dir='ltr'>quiddam?</span> 
     </span>
     <span class='ocr_line' id='line_1_7' title="bbox 494 987 2688 1058; baseline 0.002 -21"><span class='ocrx_word' id='word_1_68' title='bbox 494 988 592 1038; x_wconf 77' lang='lat' dir='ltr'>Eu·</span> <span class='ocrx_word' id='word_1_69' title='bbox 624 987 704 1036; x_wconf 90' lang='lat' dir='ltr'>Ob</span> <span class='ocrx_word' id='word_1_70' title='bbox 721 989 811 1038; x_wconf 85' lang='lat' dir='ltr'>hoe</span> <span class='ocrx_word' id='word_1_71' title='bbox 833 990 1006 1054; x_wconf 82' lang='lat' dir='ltr'>ipsum.</span> <span class='ocrx_word' id='word_1_72' title='bbox 1067 990 1155 1039; x_wconf 82' lang='lat' dir='ltr'>So.</span> <span class='ocrx_word' id='word_1_73' title='bbox 1187 991 1313 1056; x_wconf 75' lang='lat' dir='ltr'>Ergo</span> <span class='ocrx_word' id='word_1_74' title='bbox 1336 992 1561 1058; x_wconf 87' lang='lat' dir='ltr'>quoniam</span> <span class='ocrx_word' id='word_1_75' title='bbox 1585 1001 1800 1042; x_wconf 83' lang='lat' dir='ltr'>sanctum</span> <span class='ocrx_word' id='word_1_76' title='bbox 1821 1001 1914 1051; x_wconf 82' lang='lat' dir='ltr'>est,</span> <span class='ocrx_word' id='word_1_77' title='bbox 1946 999 2163 1056; x_wconf 53' lang='lat' dir='ltr'>amatum</span> <span class='ocrx_word' id='word_1_78' title='bbox 2196 1008 2293 1042; x_wconf 87' lang='lat' dir='ltr'>non</span> <span class='ocrx_word' id='word_1_79' title='bbox 2313 993 2541 1058; x_wconf 84' lang='lat' dir='ltr'>quoniam</span> <span class='ocrx_word' id='word_1_80' title='bbox 2561 1006 2688 1042; x_wconf 75' lang='lat' dir='ltr'>aura·</span> 
     </span>
     <span class='ocr_line' id='line_1_8' title="bbox 489 1069 2688 1139; baseline 0.005 -24"><span class='ocrx_word' id='word_1_81' title='bbox 489 1079 581 1125; x_wconf 76' lang='lat' dir='ltr'>tur.</span> <span class='ocrx_word' id='word_1_82' title='bbox 601 1076 673 1116; x_wconf 81' lang='lat' dir='ltr'>est</span> <span class='ocrx_word' id='word_1_83' title='bbox 694 1079 928 1119; x_wconf 80' lang='lat' dir='ltr'>sanctum.</span> <span class='ocrx_word' id='word_1_84' title='bbox 989 1069 1085 1120; x_wconf 78' lang='lat' dir='ltr'>Eu.</span> <span class='ocrx_word' id='word_1_85' title='bbox 1121 1070 1338 1121; x_wconf 88' lang='lat' dir='ltr'>Videtur.</span> <span class='ocrx_word' id='word_1_86' title='bbox 1401 1073 1487 1121; x_wconf 87' lang='lat' dir='ltr'>So.</span> <span class='ocrx_word' id='word_1_87' title='bbox 1519 1072 1857 1122; x_wconf 71' lang='lat' dir='ltr'>Verumtamen</span> <span class='ocrx_word' id='word_1_88' title='bbox 1886 1074 2113 1139; x_wconf 84' lang='lat' dir='ltr'>quoniam</span> <span class='ocrx_word' id='word_1_89' title='bbox 2145 1089 2175 1122; x_wconf 91' lang='lat' dir='ltr'>a</span> <span class='ocrx_word' id='word_1_90' title='bbox 2210 1073 2305 1122; x_wconf 85' lang='lat' dir='ltr'>diis</span> <span class='ocrx_word' id='word_1_91' title='bbox 2326 1081 2527 1135; x_wconf 83' lang='lat' dir='ltr'>amatur,</span> <span class='ocrx_word' id='word_1_92' title='bbox 2560 1090 2688 1125; x_wconf 71' lang='lat' dir='ltr'>ama·</span> 
     </span>
     <span class='ocr_line' id='line_1_9' title="bbox 492 1138 2688 1219; baseline 0.002 -22"><span class='ocrx_word' id='word_1_93' title='bbox 492 1156 592 1197; x_wconf 86' lang='lat' dir='ltr'>tum</span> <span class='ocrx_word' id='word_1_94' title='bbox 613 1156 705 1214; x_wconf 79' lang='lat' dir='ltr'>est,</span> <span class='ocrx_word' id='word_1_95' title='bbox 725 1157 869 1215; x_wconf 81' lang='lat' dir='ltr'>atque</span> <span class='ocrx_word' id='word_1_96' title='bbox 903 1149 994 1200; x_wconf 86' lang='lat' dir='ltr'>diis</span> <span class='ocrx_word' id='word_1_97' title='bbox 1027 1152 1247 1202; x_wconf 87' lang='lat' dir='ltr'>amicum.</span> <span class='ocrx_word' id='word_1_98' title='bbox 1295 1138 1410 1202; x_wconf 69' lang='grc' dir='ltr'>Ἐυ.</span> <span class='ocrx_word' id='word_1_99' title='bbox 1445 1153 1581 1211; x_wconf 84' lang='lat' dir='ltr'>Quid</span> <span class='ocrx_word' id='word_1_100' title='bbox 1614 1154 1870 1219; x_wconf 80' lang='lat' dir='ltr'>probibet?</span> <span class='ocrx_word' id='word_1_101' title='bbox 1936 1154 2024 1203; x_wconf 87' lang='lat' dir='ltr'>So.</span> <span class='ocrx_word' id='word_1_102' title='bbox 2052 1150 2169 1202; x_wconf 83' lang='lat' dir='ltr'>Non</span> <span class='ocrx_word' id='word_1_103' title='bbox 2199 1170 2311 1218; x_wconf 74' lang='lat' dir='ltr'>ergo</span> <span class='ocrx_word' id='word_1_104' title='bbox 2341 1155 2435 1203; x_wconf 88' lang='lat' dir='ltr'>deo</span> <span class='ocrx_word' id='word_1_105' title='bbox 2467 1154 2688 1213; x_wconf 84' lang='lat' dir='ltr'>amicum,</span> 
     </span>
     <span class='ocr_line' id='line_1_10' title="bbox 492 1231 2686 1299; baseline 0.003 -23"><span class='ocrx_word' id='word_1_106' title='bbox 492 1237 705 1277; x_wconf 75' lang='lat' dir='ltr'>sanctum</span> <span class='ocrx_word' id='word_1_107' title='bbox 727 1238 820 1295; x_wconf 83' lang='lat' dir='ltr'>est,</span> <span class='ocrx_word' id='word_1_108' title='bbox 840 1248 870 1280; x_wconf 92' lang='lat' dir='ltr'>o</span> <span class='ocrx_word' id='word_1_109' title='bbox 893 1231 1230 1297; x_wconf 71' lang='lat' dir='ltr'>Eutbypliron‚</span> <span class='ocrx_word' id='word_1_110' title='bbox 1263 1248 1419 1299; x_wconf 84' lang='lat' dir='ltr'>nequo</span> <span class='ocrx_word' id='word_1_111' title='bbox 1441 1243 1656 1284; x_wconf 82' lang='lat' dir='ltr'>sanctum</span> <span class='ocrx_word' id='word_1_112' title='bbox 1679 1235 1881 1285; x_wconf 85' lang='lat' dir='ltr'>amicum</span> <span class='ocrx_word' id='word_1_113' title='bbox 1917 1235 2028 1293; x_wconf 86' lang='lat' dir='ltr'>deo,</span> <span class='ocrx_word' id='word_1_114' title='bbox 2066 1243 2122 1283; x_wconf 89' lang='lat' dir='ltr'>ut</span> <span class='ocrx_word' id='word_1_115' title='bbox 2142 1246 2195 1283; x_wconf 87' lang='lat' dir='ltr'>tu</span> <span class='ocrx_word' id='word_1_116' title='bbox 2216 1236 2304 1293; x_wconf 88' lang='lat' dir='ltr'>ais,</span> <span class='ocrx_word' id='word_1_117' title='bbox 2339 1236 2423 1284; x_wconf 78' lang='lat' dir='ltr'>aed</span> <span class='ocrx_word' id='word_1_118' title='bbox 2446 1237 2539 1285; x_wconf 83' lang='lat' dir='ltr'>hoc</span> <span class='ocrx_word' id='word_1_119' title='bbox 2558 1235 2686 1284; x_wconf 85' lang='lat' dir='ltr'>aliud</span> 
     </span>
     <span class='ocr_line' id='line_1_11' title="bbox 491 1310 2688 1376; baseline 0.003 -19"><span class='ocrx_word' id='word_1_120' title='bbox 491 1318 566 1358; x_wconf 78' lang='lat' dir='ltr'>est</span> <span class='ocrx_word' id='word_1_121' title='bbox 595 1325 738 1376; x_wconf 86' lang='lat' dir='ltr'>quam</span> <span class='ocrx_word' id='word_1_122' title='bbox 777 1312 913 1361; x_wconf 84' lang='lat' dir='ltr'>illud.</span> <span class='ocrx_word' id='word_1_123' title='bbox 977 1310 1075 1362; x_wconf 76' lang='lat' dir='ltr'>Eu.</span> <span class='ocrx_word' id='word_1_124' title='bbox 1110 1314 1329 1371; x_wconf 82' lang='lat' dir='ltr'>Quanam</span> <span class='ocrx_word' id='word_1_125' title='bbox 1369 1316 1571 1374; x_wconf 83' lang='lat' dir='ltr'>ratione,</span> <span class='ocrx_word' id='word_1_126' title='bbox 1610 1332 1641 1365; x_wconf 92' lang='lat' dir='ltr'>o</span> <span class='ocrx_word' id='word_1_127' title='bbox 1676 1316 1928 1365; x_wconf 67' lang='lat' dir='ltr'>sociates?</span> <span class='ocrx_word' id='word_1_128' title='bbox 1992 1316 2080 1365; x_wconf 81' lang='lat' dir='ltr'>So.</span> <span class='ocrx_word' id='word_1_129' title='bbox 2136 1316 2377 1373; x_wconf 84' lang='lat' dir='ltr'>Quoniam</span> <span class='ocrx_word' id='word_1_130' title='bbox 2410 1315 2688 1365; x_wconf 76' lang='lat' dir='ltr'>confitemur</span> 
     </span>
     <span class='ocr_line' id='line_1_12' title="bbox 493 1391 2686 1461; baseline 0.002 -22"><span class='ocrx_word' id='word_1_131' title='bbox 493 1399 706 1441; x_wconf 81' lang='lat' dir='ltr'>sanetum</span> <span class='ocrx_word' id='word_1_132' title='bbox 728 1392 791 1440; x_wconf 86' lang='lat' dir='ltr'>ob</span> <span class='ocrx_word' id='word_1_133' title='bbox 821 1391 872 1440; x_wconf 89' lang='lat' dir='ltr'>id</span> <span class='ocrx_word' id='word_1_134' title='bbox 889 1392 1054 1450; x_wconf 80' lang='lat' dir='ltr'>amari,</span> <span class='ocrx_word' id='word_1_135' title='bbox 1087 1392 1202 1457; x_wconf 85' lang='lat' dir='ltr'>quia</span> <span class='ocrx_word' id='word_1_136' title='bbox 1222 1403 1437 1445; x_wconf 81' lang='lat' dir='ltr'>sanctum</span> <span class='ocrx_word' id='word_1_137' title='bbox 1473 1404 1576 1444; x_wconf 84' lang='lat' dir='ltr'>est:</span> <span class='ocrx_word' id='word_1_138' title='bbox 1612 1410 1711 1445; x_wconf 88' lang='lat' dir='ltr'>non</span> <span class='ocrx_word' id='word_1_139' title='bbox 1732 1396 1846 1461; x_wconf 89' lang='lat' dir='ltr'>quia</span> <span class='ocrx_word' id='word_1_140' title='bbox 1866 1403 2068 1454; x_wconf 81' lang='lat' dir='ltr'>amatur,</span> <span class='ocrx_word' id='word_1_141' title='bbox 2088 1411 2190 1445; x_wconf 82' lang='lat' dir='ltr'>esse</span> <span class='ocrx_word' id='word_1_142' title='bbox 2213 1405 2456 1447; x_wconf 79' lang='lat' dir='ltr'>sanctum:</span> <span class='ocrx_word' id='word_1_143' title='bbox 2493 1397 2686 1446; x_wconf 72' lang='lat' dir='ltr'>nonne?</span> 
     </span>
     <span class='ocr_line' id='line_1_13' title="bbox 494 1472 2684 1541; baseline 0.002 -20"><span class='ocrx_word' id='word_1_144' title='bbox 494 1472 594 1523; x_wconf 79' lang='lat' dir='ltr'>Eu.</span> <span class='ocrx_word' id='word_1_145' title='bbox 628 1473 783 1524; x_wconf 75' lang='lat' dir='ltr'>certe.</span> <span class='ocrx_word' id='word_1_146' title='bbox 847 1472 929 1520; x_wconf 85' lang='lat' dir='ltr'>So.</span> <span class='ocrx_word' id='word_1_147' title='bbox 961 1474 1185 1522; x_wconf 81' lang='lat' dir='ltr'>Amatum</span> <span class='ocrx_word' id='word_1_148' title='bbox 1223 1483 1380 1525; x_wconf 81' lang='lat' dir='ltr'>autem</span> <span class='ocrx_word' id='word_1_149' title='bbox 1415 1491 1444 1523; x_wconf 89' lang='lat' dir='ltr'>a</span> <span class='ocrx_word' id='word_1_150' title='bbox 1477 1475 1668 1539; x_wconf 88' lang='lat' dir='ltr'>deo,eo</span> <span class='ocrx_word' id='word_1_151' title='bbox 1702 1476 1808 1540; x_wconf 76' lang='lat' dir='ltr'>ipso</span> <span class='ocrx_word' id='word_1_152' title='bbox 1828 1492 1924 1541; x_wconf 88' lang='lat' dir='ltr'>quo</span> <span class='ocrx_word' id='word_1_153' title='bbox 1958 1483 2140 1525; x_wconf 84' lang='lat' dir='ltr'>amatur</span> <span class='ocrx_word' id='word_1_154' title='bbox 2159 1492 2188 1527; x_wconf 76' lang='lat' dir='ltr'>a</span> <span class='ocrx_word' id='word_1_155' title='bbox 2208 1477 2318 1534; x_wconf 86' lang='lat' dir='ltr'>deo,</span> <span class='ocrx_word' id='word_1_156' title='bbox 2349 1477 2442 1525; x_wconf 83' lang='lat' dir='ltr'>deo</span> <span class='ocrx_word' id='word_1_157' title='bbox 2478 1487 2684 1526; x_wconf 77' lang='lat' dir='ltr'>amatum</span> 
     </span>
     <span class='ocr_line' id='line_1_14' title="bbox 494 1553 2684 1622; baseline 0.001 -18"><span class='ocrx_word' id='word_1_158' title='bbox 494 1571 631 1616; x_wconf 83' lang='lat' dir='ltr'>esse;</span> <span class='ocrx_word' id='word_1_159' title='bbox 663 1568 757 1603; x_wconf 86' lang='lat' dir='ltr'>non</span> <span class='ocrx_word' id='word_1_160' title='bbox 776 1553 890 1617; x_wconf 86' lang='lat' dir='ltr'>quia</span> <span class='ocrx_word' id='word_1_161' title='bbox 922 1564 1127 1603; x_wconf 81' lang='lat' dir='ltr'>amatum</span> <span class='ocrx_word' id='word_1_162' title='bbox 1151 1571 1182 1605; x_wconf 90' lang='lat' dir='ltr'>a</span> <span class='ocrx_word' id='word_1_163' title='bbox 1202 1557 1314 1613; x_wconf 82' lang='lat' dir='ltr'>deo,</span> <span class='ocrx_word' id='word_1_164' title='bbox 1349 1556 1513 1606; x_wconf 90' lang='lat' dir='ltr'>amari.</span> <span class='ocrx_word' id='word_1_165' title='bbox 1578 1557 1678 1609; x_wconf 87' lang='grc' dir='ltr'>Ευ.</span> <span class='ocrx_word' id='word_1_166' title='bbox 1716 1557 1846 1607; x_wconf 74' lang='lat' dir='ltr'>Vera</span> <span class='ocrx_word' id='word_1_167' title='bbox 1880 1557 2102 1622; x_wconf 82' lang='lat' dir='ltr'>loqueris.</span> <span class='ocrx_word' id='word_1_168' title='bbox 2168 1558 2254 1607; x_wconf 87' lang='lat' dir='ltr'>So.</span> <span class='ocrx_word' id='word_1_169' title='bbox 2289 1556 2465 1606; x_wconf 80' lang='lat' dir='ltr'>Verum</span> <span class='ocrx_word' id='word_1_170' title='bbox 2497 1558 2539 1607; x_wconf 83' lang='lat' dir='ltr'>si</span> <span class='ocrx_word' id='word_1_171' title='bbox 2557 1559 2684 1608; x_wconf 81' lang='lat' dir='ltr'>idem</span> 
     </span>
     <span class='ocr_line' id='line_1_15' title="bbox 496 1636 2690 1703; baseline 0.001 -18"><span class='ocrx_word' id='word_1_172' title='bbox 496 1644 622 1685; x_wconf 82' lang='lat' dir='ltr'>esset</span> <span class='ocrx_word' id='word_1_173' title='bbox 654 1636 745 1684; x_wconf 80' lang='lat' dir='ltr'>deo</span> <span class='ocrx_word' id='word_1_174' title='bbox 774 1641 983 1684; x_wconf 85' lang='lat' dir='ltr'>amatum</span> <span class='ocrx_word' id='word_1_175' title='bbox 1014 1643 1157 1701; x_wconf 86' lang='lat' dir='ltr'>atque</span> <span class='ocrx_word' id='word_1_176' title='bbox 1185 1646 1417 1695; x_wconf 83' lang='lat' dir='ltr'>sanctum,</span> <span class='ocrx_word' id='word_1_177' title='bbox 1458 1645 1574 1686; x_wconf 89' lang='lat' dir='ltr'>tunc</span> <span class='ocrx_word' id='word_1_178' title='bbox 1603 1644 1688 1686; x_wconf 88' lang='lat' dir='ltr'>aut</span> <span class='ocrx_word' id='word_1_179' title='bbox 1720 1639 1836 1703; x_wconf 85' lang='lat' dir='ltr'>quia</span> <span class='ocrx_word' id='word_1_180' title='bbox 1857 1646 2071 1689; x_wconf 82' lang='lat' dir='ltr'>sanetum</span> <span class='ocrx_word' id='word_1_181' title='bbox 2091 1645 2186 1701; x_wconf 79' lang='lat' dir='ltr'>est,</span> <span class='ocrx_word' id='word_1_182' title='bbox 2216 1644 2448 1687; x_wconf 85' lang='lat' dir='ltr'>amaretur</span> <span class='ocrx_word' id='word_1_183' title='bbox 2466 1639 2597 1702; x_wconf 89' lang='lat' dir='ltr'>quod</span> <span class='ocrx_word' id='word_1_184' title='bbox 2618 1645 2690 1687; x_wconf 79' lang='lat' dir='ltr'>est</span> 
     </span>
     <span class='ocr_line' id='line_1_16' title="bbox 491 1715 2686 1784; baseline 0.001 -20"><span class='ocrx_word' id='word_1_185' title='bbox 491 1726 723 1772; x_wconf 75' lang='lat' dir='ltr'>sanetum,</span> <span class='ocrx_word' id='word_1_186' title='bbox 752 1723 896 1781; x_wconf 82' lang='lat' dir='ltr'>atquc</span> <span class='ocrx_word' id='word_1_187' title='bbox 922 1717 991 1765; x_wconf 87' lang='lat' dir='ltr'>ita</span> <span class='ocrx_word' id='word_1_188' title='bbox 1009 1717 1122 1781; x_wconf 86' lang='lat' dir='ltr'>quia</span> <span class='ocrx_word' id='word_1_189' title='bbox 1141 1718 1234 1767; x_wconf 80' lang='lat' dir='ltr'>deo</span> <span class='ocrx_word' id='word_1_190' title='bbox 1255 1725 1481 1781; x_wconf 86' lang='lat' dir='ltr'>amatum,</span> <span class='ocrx_word' id='word_1_191' title='bbox 1516 1715 1633 1783; x_wconf 84' lang='lat' dir='ltr'>[ll]</span> <span class='ocrx_word' id='word_1_192' title='bbox 1667 1727 1898 1768; x_wconf 81' lang='lat' dir='ltr'>amaretur</span> <span class='ocrx_word' id='word_1_193' title='bbox 1918 1735 1948 1768; x_wconf 91' lang='lat' dir='ltr'>a</span> <span class='ocrx_word' id='word_1_194' title='bbox 1977 1719 2072 1769; x_wconf 89' lang='lat' dir='ltr'>deo</span> <span class='ocrx_word' id='word_1_195' title='bbox 2101 1720 2230 1784; x_wconf 88' lang='lat' dir='ltr'>quod</span> <span class='ocrx_word' id='word_1_196' title='bbox 2252 1719 2346 1768; x_wconf 85' lang='lat' dir='ltr'>deo</span> <span class='ocrx_word' id='word_1_197' title='bbox 2367 1728 2575 1767; x_wconf 88' lang='lat' dir='ltr'>amatum</span> <span class='ocrx_word' id='word_1_198' title='bbox 2598 1727 2686 1768; x_wconf 85' lang='lat' dir='ltr'>est.</span> 
     </span>
     <span class='ocr_line' id='line_1_17' title="bbox 492 1796 2686 1864; baseline 0.001 -19"><span class='ocrx_word' id='word_1_199' title='bbox 492 1796 598 1845; x_wconf 81' lang='lat' dir='ltr'>Aut</span> <span class='ocrx_word' id='word_1_200' title='bbox 614 1797 729 1861; x_wconf 84' lang='lat' dir='ltr'>quia</span> <span class='ocrx_word' id='word_1_201' title='bbox 748 1806 978 1847; x_wconf 82' lang='lat' dir='ltr'>amaretur</span> <span class='ocrx_word' id='word_1_202' title='bbox 998 1813 1027 1846; x_wconf 86' lang='lat' dir='ltr'>a</span> <span class='ocrx_word' id='word_1_203' title='bbox 1047 1799 1139 1847; x_wconf 87' lang='lat' dir='ltr'>deo</span> <span class='ocrx_word' id='word_1_204' title='bbox 1160 1800 1288 1863; x_wconf 89' lang='lat' dir='ltr'>quod</span> <span class='ocrx_word' id='word_1_205' title='bbox 1311 1807 1516 1847; x_wconf 83' lang='lat' dir='ltr'>amatum</span> <span class='ocrx_word' id='word_1_206' title='bbox 1537 1799 1631 1848; x_wconf 84' lang='lat' dir='ltr'>deo</span> <span class='ocrx_word' id='word_1_207' title='bbox 1652 1807 1743 1862; x_wconf 81' lang='lat' dir='ltr'>est,</span> <span class='ocrx_word' id='word_1_208' title='bbox 1762 1800 1855 1848; x_wconf 85' lang='lat' dir='ltr'>deo</span> <span class='ocrx_word' id='word_1_209' title='bbox 1877 1808 2085 1848; x_wconf 83' lang='lat' dir='ltr'>amatum</span> <span class='ocrx_word' id='word_1_210' title='bbox 2104 1807 2246 1857; x_wconf 79' lang='lat' dir='ltr'>esset,</span> <span class='ocrx_word' id='word_1_211' title='bbox 2283 1808 2427 1864; x_wconf 86' lang='lat' dir='ltr'>atque</span> <span class='ocrx_word' id='word_1_212' title='bbox 2454 1800 2525 1848; x_wconf 88' lang='lat' dir='ltr'>ita</span> <span class='ocrx_word' id='word_1_213' title='bbox 2554 1800 2686 1864; x_wconf 88' lang='lat' dir='ltr'>quod</span> 
     </span>
     <span class='ocr_line' id='line_1_18' title="bbox 494 1879 2684 1946; baseline 0.001 -20"><span class='ocrx_word' id='word_1_214' title='bbox 494 1885 706 1927; x_wconf 86' lang='lat' dir='ltr'>sanctum</span> <span class='ocrx_word' id='word_1_215' title='bbox 724 1885 814 1941; x_wconf 87' lang='lat' dir='ltr'>est,</span> <span class='ocrx_word' id='word_1_216' title='bbox 833 1895 891 1928; x_wconf 80' lang='lat' dir='ltr'>ex</span> <span class='ocrx_word' id='word_1_217' title='bbox 913 1895 973 1928; x_wconf 91' lang='lat' dir='ltr'>eo</span> <span class='ocrx_word' id='word_1_218' title='bbox 994 1880 1122 1945; x_wconf 88' lang='lat' dir='ltr'>quod</span> <span class='ocrx_word' id='word_1_219' title='bbox 1137 1886 1387 1937; x_wconf 80' lang='lat' dir='ltr'>amaretur,</span> <span class='ocrx_word' id='word_1_220' title='bbox 1408 1887 1533 1928; x_wconf 84' lang='lat' dir='ltr'>essct</span> <span class='ocrx_word' id='word_1_221' title='bbox 1552 1888 1785 1929; x_wconf 85' lang='lat' dir='ltr'>sanctum.</span> <span class='ocrx_word' id='word_1_222' title='bbox 1851 1879 1999 1930; x_wconf 85' lang='lat' dir='ltr'>Nunc</span> <span class='ocrx_word' id='word_1_223' title='bbox 2027 1890 2183 1930; x_wconf 84' lang='lat' dir='ltr'>autem</span> <span class='ocrx_word' id='word_1_224' title='bbox 2206 1880 2357 1938; x_wconf 81' lang='lat' dir='ltr'>vides,</span> <span class='ocrx_word' id='word_1_225' title='bbox 2377 1882 2506 1946; x_wconf 85' lang='lat' dir='ltr'>quod</span> <span class='ocrx_word' id='word_1_226' title='bbox 2530 1894 2684 1946; x_wconf 82' lang='lat' dir='ltr'>oppo-</span> 
     </span>
     <span class='ocr_line' id='line_1_19' title="bbox 490 1959 2682 2025; baseline -0 -15"><span class='ocrx_word' id='word_1_227' title='bbox 490 1962 581 2011; x_wconf 85' lang='lat' dir='ltr'>sito</span> <span class='ocrx_word' id='word_1_228' title='bbox 605 1960 747 2009; x_wconf 89' lang='lat' dir='ltr'>modo</span> <span class='ocrx_word' id='word_1_229' title='bbox 777 1975 829 2009; x_wconf 80' lang='lat' dir='ltr'>se</span> <span class='ocrx_word' id='word_1_230' title='bbox 849 1960 1043 2017; x_wconf 74' lang='lat' dir='ltr'>liabent,</span> <span class='ocrx_word' id='word_1_231' title='bbox 1077 1967 1244 2025; x_wconf 85' lang='lat' dir='ltr'>utpote</span> <span class='ocrx_word' id='word_1_232' title='bbox 1286 1976 1396 2025; x_wconf 74' lang='lat' dir='ltr'>qum</span> <span class='ocrx_word' id='word_1_233' title='bbox 1417 1960 1539 2009; x_wconf 86' lang='lat' dir='ltr'>inter</span> <span class='ocrx_word' id='word_1_234' title='bbox 1559 1976 1609 2010; x_wconf 77' lang='lat' dir='ltr'>ae</span> <span class='ocrx_word' id='word_1_235' title='bbox 1630 1959 1814 2010; x_wconf 77' lang='lat' dir='ltr'>diversa</span> <span class='ocrx_word' id='word_1_236' title='bbox 1834 1969 1961 2010; x_wconf 79' lang='lat' dir='ltr'>sunt.</span> <span class='ocrx_word' id='word_1_237' title='bbox 1992 1962 2085 2010; x_wconf 89' lang='lat' dir='ltr'>boc</span> <span class='ocrx_word' id='word_1_238' title='bbox 2107 1961 2254 2020; x_wconf 82' lang='lat' dir='ltr'>enim,</span> <span class='ocrx_word' id='word_1_239' title='bbox 2274 1961 2457 2011; x_wconf 76' lang='lat' dir='ltr'>seilicet</span> <span class='ocrx_word' id='word_1_240' title='bbox 2477 1970 2682 2009; x_wconf 81' lang='lat' dir='ltr'>amatum</span> 
     </span>
     <span class='ocr_line' id='line_1_20' title="bbox 490 2040 2685 2106; baseline 0 -15"><span class='ocrx_word' id='word_1_241' title='bbox 490 2043 600 2099; x_wconf 84' lang='lat' dir='ltr'>deo,</span> <span class='ocrx_word' id='word_1_242' title='bbox 621 2040 735 2106; x_wconf 87' lang='lat' dir='ltr'>quia</span> <span class='ocrx_word' id='word_1_243' title='bbox 757 2047 954 2106; x_wconf 86' lang='lat' dir='ltr'>amatur,</span> <span class='ocrx_word' id='word_1_244' title='bbox 975 2041 1069 2089; x_wconf 86' lang='lat' dir='ltr'>tale</span> <span class='ocrx_word' id='word_1_245' title='bbox 1089 2048 1179 2098; x_wconf 83' lang='lat' dir='ltr'>est.</span> <span class='ocrx_word' id='word_1_246' title='bbox 1215 2046 1269 2088; x_wconf 86' lang='lat' dir='ltr'>ut</span> <span class='ocrx_word' id='word_1_247' title='bbox 1288 2041 1350 2088; x_wconf 84' lang='lat' dir='ltr'>sit</span> <span class='ocrx_word' id='word_1_248' title='bbox 1370 2049 1595 2092; x_wconf 82' lang='lat' dir='ltr'>amatum.</span> <span class='ocrx_word' id='word_1_249' title='bbox 1629 2041 1747 2089; x_wconf 86' lang='lat' dir='ltr'>illud</span> <span class='ocrx_word' id='word_1_250' title='bbox 1768 2049 1947 2106; x_wconf 83' lang='lat' dir='ltr'>autem,</span> <span class='ocrx_word' id='word_1_251' title='bbox 1986 2042 2170 2091; x_wconf 81' lang='lat' dir='ltr'>scillcet</span> <span class='ocrx_word' id='word_1_252' title='bbox 2188 2050 2420 2100; x_wconf 79' lang='lat' dir='ltr'>sanctum,</span> <span class='ocrx_word' id='word_1_253' title='bbox 2452 2043 2568 2106; x_wconf 85' lang='lat' dir='ltr'>quia</span> <span class='ocrx_word' id='word_1_254' title='bbox 2590 2043 2685 2091; x_wconf 86' lang='lat' dir='ltr'>tale</span> 
     </span>
     <span class='ocr_line' id='line_1_21' title="bbox 489 2121 2683 2188; baseline -0.002 -14"><span class='ocrx_word' id='word_1_255' title='bbox 489 2130 581 2188; x_wconf 77' lang='lat' dir='ltr'>est,</span> <span class='ocrx_word' id='word_1_256' title='bbox 600 2129 654 2171; x_wconf 85' lang='lat' dir='ltr'>ut</span> <span class='ocrx_word' id='word_1_257' title='bbox 671 2130 872 2185; x_wconf 82' lang='lat' dir='ltr'>ametur,</span> <span class='ocrx_word' id='word_1_258' title='bbox 905 2129 1103 2179; x_wconf 82' lang='lat' dir='ltr'>amatur,</span> <span class='ocrx_word' id='word_1_259' title='bbox 1139 2129 1190 2170; x_wconf 88' lang='lat' dir='ltr'>et</span> <span class='ocrx_word' id='word_1_260' title='bbox 1224 2130 1427 2170; x_wconf 87' lang='lat' dir='ltr'>amatum</span> <span class='ocrx_word' id='word_1_261' title='bbox 1451 2130 1542 2170; x_wconf 84' lang='lat' dir='ltr'>est.</span> <span class='ocrx_word' id='word_1_262' title='bbox 1610 2121 1914 2187; x_wconf 78' lang='lat' dir='ltr'>viderisque,</span> <span class='ocrx_word' id='word_1_263' title='bbox 1952 2139 1982 2172; x_wconf 93' lang='lat' dir='ltr'>o</span> <span class='ocrx_word' id='word_1_264' title='bbox 2005 2122 2340 2188; x_wconf 72' lang='lat' dir='ltr'>Euthypbron,</span> <span class='ocrx_word' id='word_1_265' title='bbox 2369 2139 2534 2188; x_wconf 87' lang='lat' dir='ltr'>quum,</span> <span class='ocrx_word' id='word_1_266' title='bbox 2567 2123 2683 2187; x_wconf 87' lang='lat' dir='ltr'>quid</span> 
     </span>
     <span class='ocr_line' id='line_1_22' title="bbox 492 2202 2680 2267; baseline -0.001 -14"><span class='ocrx_word' id='word_1_267' title='bbox 492 2212 704 2254; x_wconf 78' lang='lat' dir='ltr'>sanctum</span> <span class='ocrx_word' id='word_1_268' title='bbox 725 2204 806 2266; x_wconf 83' lang='lat' dir='ltr'>sit,</span> <span class='ocrx_word' id='word_1_269' title='bbox 824 2203 1135 2267; x_wconf 80' lang='lat' dir='ltr'>interrogatus</span> <span class='ocrx_word' id='word_1_270' title='bbox 1155 2202 1316 2260; x_wconf 82' lang='lat' dir='ltr'>fueris,</span> <span class='ocrx_word' id='word_1_271' title='bbox 1345 2202 1599 2251; x_wconf 65' lang='lat' dir='ltr'>atentiam</span> <span class='ocrx_word' id='word_1_272' title='bbox 1622 2202 1747 2252; x_wconf 86' lang='lat' dir='ltr'>illius</span> <span class='ocrx_word' id='word_1_273' title='bbox 1768 2204 2015 2253; x_wconf 73' lang='lat' dir='ltr'>ostendere</span> <span class='ocrx_word' id='word_1_274' title='bbox 2033 2203 2241 2253; x_wconf 81' lang='lat' dir='ltr'>noluisse</span> <span class='ocrx_word' id='word_1_275' title='bbox 2259 2221 2273 2252; x_wconf 75' lang='lat' dir='ltr'>z</span> <span class='ocrx_word' id='word_1_276' title='bbox 2308 2204 2392 2252; x_wconf 83' lang='lat' dir='ltr'>sed</span> <span class='ocrx_word' id='word_1_277' title='bbox 2415 2204 2680 2267; x_wconf 78' lang='lat' dir='ltr'>passionem</span> 
     </span>
     <span class='ocr_line' id='line_1_23' title="bbox 491 2283 2685 2353; baseline -0 -20"><span class='ocrx_word' id='word_1_278' title='bbox 491 2286 729 2353; x_wconf 87' lang='lat' dir='ltr'>quandam</span> <span class='ocrx_word' id='word_1_279' title='bbox 764 2284 1089 2349; x_wconf 77' lang='lat' dir='ltr'>assignaviase‚</span> <span class='ocrx_word' id='word_1_280' title='bbox 1126 2299 1268 2348; x_wconf 85' lang='lat' dir='ltr'>quam</span> <span class='ocrx_word' id='word_1_281' title='bbox 1310 2284 1403 2333; x_wconf 85' lang='lat' dir='ltr'>boc</span> <span class='ocrx_word' id='word_1_282' title='bbox 1435 2291 1650 2332; x_wconf 81' lang='lat' dir='ltr'>sanctum</span> <span class='ocrx_word' id='word_1_283' title='bbox 1685 2284 1925 2349; x_wconf 80' lang='lat' dir='ltr'>suscepit:</span> <span class='ocrx_word' id='word_1_284' title='bbox 1977 2286 2038 2334; x_wconf 90' lang='lat' dir='ltr'>ab</span> <span class='ocrx_word' id='word_1_285' title='bbox 2075 2285 2292 2333; x_wconf 80' lang='lat' dir='ltr'>omnibus</span> <span class='ocrx_word' id='word_1_286' title='bbox 2329 2284 2553 2334; x_wconf 76' lang='lat' dir='ltr'>videlicet</span> <span class='ocrx_word' id='word_1_287' title='bbox 2591 2283 2685 2333; x_wconf 68' lang='lat' dir='ltr'>diis</span> 
     </span>
     <span class='ocr_line' id='line_1_24' title="bbox 495 2365 2682 2430; baseline -0 -15"><span class='ocrx_word' id='word_1_288' title='bbox 495 2366 655 2415; x_wconf 82' lang='lat' dir='ltr'>amati.</span> <span class='ocrx_word' id='word_1_289' title='bbox 686 2367 816 2429; x_wconf 85' lang='lat' dir='ltr'>quod</span> <span class='ocrx_word' id='word_1_290' title='bbox 837 2373 995 2419; x_wconf 80' lang='lat' dir='ltr'>autem</span> <span class='ocrx_word' id='word_1_291' title='bbox 1017 2365 1097 2423; x_wconf 78' lang='lat' dir='ltr'>sit,</span> <span class='ocrx_word' id='word_1_292' title='bbox 1135 2366 1346 2414; x_wconf 87' lang='lat' dir='ltr'>noudum</span> <span class='ocrx_word' id='word_1_293' title='bbox 1377 2365 1517 2414; x_wconf 80' lang='lat' dir='ltr'>nobis</span> <span class='ocrx_word' id='word_1_294' title='bbox 1537 2365 1825 2430; x_wconf 73' lang='lat' dir='ltr'>explicuisti.</span> <span class='ocrx_word' id='word_1_295' title='bbox 1886 2365 1941 2415; x_wconf 88' lang='lat' dir='ltr'>Si</span> <span class='ocrx_word' id='word_1_296' title='bbox 1978 2365 2138 2430; x_wconf 88' lang='lat' dir='ltr'>itaque</span> <span class='ocrx_word' id='word_1_297' title='bbox 2174 2366 2261 2415; x_wconf 87' lang='lat' dir='ltr'>tibi</span> <span class='ocrx_word' id='word_1_298' title='bbox 2294 2366 2474 2429; x_wconf 81' lang='lat' dir='ltr'>placet,</span> <span class='ocrx_word' id='word_1_299' title='bbox 2507 2381 2569 2414; x_wconf 88' lang='lat' dir='ltr'>ne</span> <span class='ocrx_word' id='word_1_300' title='bbox 2606 2382 2682 2414; x_wconf 88' lang='lat' dir='ltr'>me</span> 
     </span>
     <span class='ocr_line' id='line_1_25' title="bbox 491 2446 2684 2513; baseline -0.001 -15"><span class='ocrx_word' id='word_1_301' title='bbox 491 2447 636 2510; x_wconf 79' lang='lat' dir='ltr'>celes,</span> <span class='ocrx_word' id='word_1_302' title='bbox 652 2461 810 2495; x_wconf 78' lang='lat' dir='ltr'>verum</span> <span class='ocrx_word' id='word_1_303' title='bbox 827 2462 858 2496; x_wconf 88' lang='lat' dir='ltr'>a</span> <span class='ocrx_word' id='word_1_304' title='bbox 877 2446 1111 2512; x_wconf 81' lang='lat' dir='ltr'>principio</span> <span class='ocrx_word' id='word_1_305' title='bbox 1144 2461 1300 2496; x_wconf 82' lang='lat' dir='ltr'>rursus</span> <span class='ocrx_word' id='word_1_306' title='bbox 1318 2446 1537 2504; x_wconf 71' lang='lat' dir='ltr'>definias,</span> <span class='ocrx_word' id='word_1_307' title='bbox 1572 2447 1689 2512; x_wconf 90' lang='lat' dir='ltr'>quid</span> <span class='ocrx_word' id='word_1_308' title='bbox 1710 2446 1863 2513; x_wconf 83' lang='lat' dir='ltr'>ipsum</span> <span class='ocrx_word' id='word_1_309' title='bbox 1885 2455 2098 2497; x_wconf 86' lang='lat' dir='ltr'>sanctum</span> <span class='ocrx_word' id='word_1_310' title='bbox 2119 2447 2340 2505; x_wconf 80' lang='lat' dir='ltr'>existens,</span> <span class='ocrx_word' id='word_1_311' title='bbox 2362 2446 2435 2496; x_wconf 81' lang='lat' dir='ltr'>vel</span> <span class='ocrx_word' id='word_1_312' title='bbox 2456 2454 2639 2496; x_wconf 83' lang='lat' dir='ltr'>amatur</span> <span class='ocrx_word' id='word_1_313' title='bbox 2654 2462 2684 2495; x_wconf 86' lang='lat' dir='ltr'>a</span> 
     </span>
     <span class='ocr_line' id='line_1_26' title="bbox 490 2527 2684 2592; baseline -0.001 -13"><span class='ocrx_word' id='word_1_314' title='bbox 490 2530 600 2586; x_wconf 77' lang='lat' dir='ltr'>deo,</span> <span class='ocrx_word' id='word_1_315' title='bbox 631 2527 705 2576; x_wconf 81' lang='lat' dir='ltr'>vel</span> <span class='ocrx_word' id='word_1_316' title='bbox 738 2528 868 2576; x_wconf 86' lang='lat' dir='ltr'>aliud</span> <span class='ocrx_word' id='word_1_317' title='bbox 899 2527 1087 2592; x_wconf 80' lang='lat' dir='ltr'>quidvis</span> <span class='ocrx_word' id='word_1_318' title='bbox 1117 2527 1324 2592; x_wconf 82' lang='lat' dir='ltr'>patitur:</span> <span class='ocrx_word' id='word_1_319' title='bbox 1359 2542 1516 2592; x_wconf 86' lang='lat' dir='ltr'>nequo</span> <span class='ocrx_word' id='word_1_320' title='bbox 1552 2528 1680 2577; x_wconf 85' lang='lat' dir='ltr'>enim</span> <span class='ocrx_word' id='word_1_321' title='bbox 1713 2529 1776 2576; x_wconf 86' lang='lat' dir='ltr'>de</span> <span class='ocrx_word' id='word_1_322' title='bbox 1809 2530 1906 2578; x_wconf 85' lang='lat' dir='ltr'>hoc</span> <span class='ocrx_word' id='word_1_323' title='bbox 1936 2529 2138 2577; x_wconf 80' lang='lat' dir='ltr'>invicem</span> <span class='ocrx_word' id='word_1_324' title='bbox 2172 2527 2519 2578; x_wconf 79' lang='lat' dir='ltr'>dissidebimus.</span> <span class='ocrx_word' id='word_1_325' title='bbox 2585 2529 2684 2577; x_wconf 86' lang='lat' dir='ltr'>Sed</span> 
     </span>
     <span class='ocr_line' id='line_1_27' title="bbox 492 2605 2686 2674; baseline -0 -17"><span class='ocrx_word' id='word_1_326' title='bbox 492 2615 708 2674; x_wconf 77' lang='lat' dir='ltr'><strong>prompte</strong></span> <span class='ocrx_word' id='word_1_327' title='bbox 736 2605 839 2671; x_wconf 83' lang='lat' dir='ltr'>jam</span> <span class='ocrx_word' id='word_1_328' title='bbox 874 2607 1025 2663; x_wconf 82' lang='lat' dir='ltr'>dicas,</span> <span class='ocrx_word' id='word_1_329' title='bbox 1059 2606 1174 2671; x_wconf 90' lang='lat' dir='ltr'>quid</span> <span class='ocrx_word' id='word_1_330' title='bbox 1213 2614 1426 2656; x_wconf 83' lang='lat' dir='ltr'>sanctum</span> <span class='ocrx_word' id='word_1_331' title='bbox 1461 2614 1552 2671; x_wconf 81' lang='lat' dir='ltr'>est,</span> <span class='ocrx_word' id='word_1_332' title='bbox 1586 2608 1764 2673; x_wconf 77' lang='lat' dir='ltr'>quidve</span> <span class='ocrx_word' id='word_1_333' title='bbox 1797 2607 2066 2673; x_wconf 69' lang='lat' dir='ltr'>profanum.</span> <span class='ocrx_word' id='word_1_334' title='bbox 2131 2608 2229 2658; x_wconf 78' lang='lat' dir='ltr'>Eo.</span> <span class='ocrx_word' id='word_1_335' title='bbox 2262 2608 2350 2674; x_wconf 78' lang='lat' dir='ltr'>At,</span> <span class='ocrx_word' id='word_1_336' title='bbox 2382 2624 2413 2657; x_wconf 95' lang='lat' dir='ltr'>o</span> <span class='ocrx_word' id='word_1_337' title='bbox 2444 2608 2686 2669; x_wconf 79' lang='lat' dir='ltr'>Socrates,</span> 
     </span>
     <span class='ocr_line' id='line_1_28' title="bbox 491 2687 2687 2755; baseline 0.001 -19"><span class='ocrx_word' id='word_1_338' title='bbox 491 2689 729 2755; x_wconf 86' lang='lat' dir='ltr'>quomodo</span> <span class='ocrx_word' id='word_1_339' title='bbox 767 2687 853 2737; x_wconf 80' lang='lat' dir='ltr'>tibi</span> <span class='ocrx_word' id='word_1_340' title='bbox 880 2689 1009 2753; x_wconf 88' lang='lat' dir='ltr'>quod</span> <span class='ocrx_word' id='word_1_341' title='bbox 1039 2687 1219 2750; x_wconf 83' lang='lat' dir='ltr'>cogito,</span> <span class='ocrx_word' id='word_1_342' title='bbox 1251 2687 1527 2751; x_wconf 76' lang='lat' dir='ltr'>exprimam,</span> <span class='ocrx_word' id='word_1_343' title='bbox 1561 2702 1659 2735; x_wconf 86' lang='lat' dir='ltr'>non</span> <span class='ocrx_word' id='word_1_344' title='bbox 1692 2687 1903 2736; x_wconf 79' lang='lat' dir='ltr'>invenio.</span> <span class='ocrx_word' id='word_1_345' title='bbox 1967 2687 2166 2752; x_wconf 79' lang='lat' dir='ltr'>Semper</span> <span class='ocrx_word' id='word_1_346' title='bbox 2196 2689 2324 2736; x_wconf 87' lang='lat' dir='ltr'>enim</span> <span class='ocrx_word' id='word_1_347' title='bbox 2362 2688 2518 2753; x_wconf 79' lang='lat' dir='ltr'>nobis,</span> <span class='ocrx_word' id='word_1_348' title='bbox 2551 2690 2687 2754; x_wconf 85' lang='lat' dir='ltr'>quod</span> 
     </span>
     <span class='ocr_line' id='line_1_29' title="bbox 492 2766 2685 2835; baseline 0.001 -18"><span class='ocrx_word' id='word_1_349' title='bbox 492 2767 837 2835; x_wconf 74' lang='lat' dir='ltr'>proposuimus,</span> <span class='ocrx_word' id='word_1_350' title='bbox 871 2768 1158 2833; x_wconf 67' lang='lat' dir='ltr'>preterfluit,</span> <span class='ocrx_word' id='word_1_351' title='bbox 1194 2782 1351 2832; x_wconf 82' lang='lat' dir='ltr'>neque</span> <span class='ocrx_word' id='word_1_352' title='bbox 1390 2766 1645 2816; x_wconf 72' lang='lat' dir='ltr'>consistere</span> <span class='ocrx_word' id='word_1_353' title='bbox 1682 2768 1802 2829; x_wconf 76' lang='lat' dir='ltr'>vult,</span> <span class='ocrx_word' id='word_1_354' title='bbox 1836 2767 1919 2816; x_wconf 90' lang='lat' dir='ltr'>ubi</span> <span class='ocrx_word' id='word_1_355' title='bbox 1952 2767 2176 2816; x_wconf 81' lang='lat' dir='ltr'>sistimus.</span> <span class='ocrx_word' id='word_1_356' title='bbox 2208 2777 2215 2785; x_wconf 85' lang='lat'><strong>·</strong></span> <span class='ocrx_word' id='word_1_357' title='bbox 2240 2768 2326 2817; x_wconf 88' lang='lat' dir='ltr'>So.</span> <span class='ocrx_word' id='word_1_358' title='bbox 2361 2768 2685 2833; x_wconf 80' lang='lat' dir='ltr'>Progcnitoris</span> 
     </span>
     <span class='ocr_line' id='line_1_30' title="bbox 491 2847 2690 2915; baseline -0.001 -14"><span class='ocrx_word' id='word_1_359' title='bbox 491 2852 635 2901; x_wconf 76' lang='lat' dir='ltr'>nostrl</span> <span class='ocrx_word' id='word_1_360' title='bbox 656 2850 864 2908; x_wconf 73' lang='lat' dir='ltr'>Daedali,</span> <span class='ocrx_word' id='word_1_361' title='bbox 885 2867 914 2899; x_wconf 93' lang='lat' dir='ltr'>o</span> <span class='ocrx_word' id='word_1_362' title='bbox 936 2848 1275 2915; x_wconf 71' lang='lat' dir='ltr'>Eutbyphron‚</span> <span class='ocrx_word' id='word_1_363' title='bbox 1294 2863 1441 2914; x_wconf 83' lang='lat' dir='ltr'>opera</span> <span class='ocrx_word' id='word_1_364' title='bbox 1459 2863 1581 2905; x_wconf 80' lang='lat' dir='ltr'>esse,</span> <span class='ocrx_word' id='word_1_365' title='bbox 1613 2863 1722 2913; x_wconf 68' lang='lat' dir='ltr'>qum</span> <span class='ocrx_word' id='word_1_366' title='bbox 1743 2848 1921 2907; x_wconf 78' lang='lat' dir='ltr'>dixisti,</span> <span class='ocrx_word' id='word_1_367' title='bbox 1945 2847 2181 2896; x_wconf 76' lang='lat' dir='ltr'>videntur.</span> <span class='ocrx_word' id='word_1_368' title='bbox 2246 2847 2391 2904; x_wconf 86' lang='lat' dir='ltr'>Quod</span> <span class='ocrx_word' id='word_1_369' title='bbox 2411 2849 2454 2898; x_wconf 82' lang='lat' dir='ltr'>si</span> <span class='ocrx_word' id='word_1_370' title='bbox 2483 2863 2577 2912; x_wconf 77' lang='lat' dir='ltr'>ego</span> <span class='ocrx_word' id='word_1_371' title='bbox 2599 2851 2690 2898; x_wconf 82' lang='lat' dir='ltr'>illa</span> 
     </span>
     <span class='ocr_line' id='line_1_31' title="bbox 492 2926 2689 2997; baseline -0.001 -17"><span class='ocrx_word' id='word_1_372' title='bbox 492 2933 709 2981; x_wconf 74' lang='lat' dir='ltr'>dixissem</span> <span class='ocrx_word' id='word_1_373' title='bbox 732 2939 875 2996; x_wconf 80' lang='lat' dir='ltr'>atque</span> <span class='ocrx_word' id='word_1_374' title='bbox 898 2931 1174 2997; x_wconf 78' lang='lat' dir='ltr'>posuissem,</span> <span class='ocrx_word' id='word_1_375' title='bbox 1195 2930 1316 2980; x_wconf 76' lang='lat' dir='ltr'>forte</span> <span class='ocrx_word' id='word_1_376' title='bbox 1337 2946 1414 2979; x_wconf 89' lang='lat' dir='ltr'>me</span> <span class='ocrx_word' id='word_1_377' title='bbox 1434 2929 1614 2979; x_wconf 71' lang='lat' dir='ltr'>risis-es</span> <span class='ocrx_word' id='word_1_378' title='bbox 1637 2929 1778 2995; x_wconf 84' lang='lat' dir='ltr'>(joco</span> <span class='ocrx_word' id='word_1_379' title='bbox 1799 2928 2008 2993; x_wconf 87' lang='lat' dir='ltr'>quodam</span> <span class='ocrx_word' id='word_1_380' title='bbox 2028 2926 2286 2992; x_wconf 81' lang='lat' dir='ltr'>objiciens)</span> <span class='ocrx_word' id='word_1_381' title='bbox 2306 2928 2438 2991; x_wconf 79' lang='lat' dir='ltr'>quod</span> <span class='ocrx_word' id='word_1_382' title='bbox 2458 2928 2689 2977; x_wconf 81' lang='lat' dir='ltr'>orationis</span> 
     </span>
     <span class='ocr_line' id='line_1_32' title="bbox 491 3007 2687 3075; baseline -0.002 -12"><span class='ocrx_word' id='word_1_383' title='bbox 491 3029 610 3064; x_wconf 77' lang='lat' dir='ltr'>meae</span> <span class='ocrx_word' id='word_1_384' title='bbox 631 3011 828 3064; x_wconf 77' lang='lat' dir='ltr'>artificia</span> <span class='ocrx_word' id='word_1_385' title='bbox 847 3013 1107 3063; x_wconf 81' lang='lat' dir='ltr'>secundum</span> <span class='ocrx_word' id='word_1_386' title='bbox 1127 3010 1257 3060; x_wconf 83' lang='lat' dir='ltr'>illius</span> <span class='ocrx_word' id='word_1_387' title='bbox 1277 3011 1609 3075; x_wconf 80' lang='lat' dir='ltr'>cognationem</span> <span class='ocrx_word' id='word_1_388' title='bbox 1630 3010 1907 3074; x_wconf 79' lang='lat' dir='ltr'>diffugiunt,</span> <span class='ocrx_word' id='word_1_389' title='bbox 1926 3023 2080 3074; x_wconf 87' lang='lat' dir='ltr'>neque</span> <span class='ocrx_word' id='word_1_390' title='bbox 2098 3022 2371 3074; x_wconf 84' lang='lat' dir='ltr'>permanere</span> <span class='ocrx_word' id='word_1_391' title='bbox 2389 3007 2577 3067; x_wconf 77' lang='lat' dir='ltr'>volunt,</span> <span class='ocrx_word' id='word_1_392' title='bbox 2599 3010 2687 3059; x_wconf 86' lang='lat' dir='ltr'>ubi</span> 
     </span>
     <span class='ocr_line' id='line_1_33' title="bbox 490 3087 2681 3161; baseline -0.002 -18"><span class='ocrx_word' id='word_1_393' title='bbox 490 3095 597 3161; x_wconf 84' lang='lat' dir='ltr'>quis</span> <span class='ocrx_word' id='word_1_394' title='bbox 639 3094 722 3143; x_wconf 83' lang='lat' dir='ltr'>illa</span> <span class='ocrx_word' id='word_1_395' title='bbox 759 3094 954 3145; x_wconf 76' lang='lat' dir='ltr'>locavit.</span> <span class='ocrx_word' id='word_1_396' title='bbox 1014 3091 1162 3142; x_wconf 86' lang='lat' dir='ltr'>Nunc</span> <span class='ocrx_word' id='word_1_397' title='bbox 1199 3100 1377 3156; x_wconf 80' lang='lat' dir='ltr'>autem,</span> <span class='ocrx_word' id='word_1_398' title='bbox 1404 3107 1514 3143; x_wconf 87' lang='lat' dir='ltr'>cum</span> <span class='ocrx_word' id='word_1_399' title='bbox 1553 3100 1648 3140; x_wconf 70' lang='lat' dir='ltr'>tum</span> <span class='ocrx_word' id='word_1_400' title='bbox 1680 3090 2030 3155; x_wconf 82' lang='lat' dir='ltr'>suppositiones</span> <span class='ocrx_word' id='word_1_401' title='bbox 2058 3090 2162 3138; x_wconf 69' lang='lat' dir='ltr'>istm</span> <span class='ocrx_word' id='word_1_402' title='bbox 2197 3087 2310 3146; x_wconf 76' lang='lat' dir='ltr'>sint,</span> <span class='ocrx_word' id='word_1_403' title='bbox 2347 3089 2443 3137; x_wconf 84' lang='lat' dir='ltr'>alia</span> <span class='ocrx_word' id='word_1_404' title='bbox 2475 3091 2681 3153; x_wconf 82' lang='lat' dir='ltr'>quadam</span> 
     </span>
     <span class='ocr_line' id='line_1_34' title="bbox 490 3169 2687 3240; baseline -0.003 -14"><span class='ocrx_word' id='word_1_405' title='bbox 490 3193 613 3240; x_wconf 82' lang='lat' dir='ltr'>opus</span> <span class='ocrx_word' id='word_1_406' title='bbox 645 3184 719 3226; x_wconf 84' lang='lat' dir='ltr'>est</span> <span class='ocrx_word' id='word_1_407' title='bbox 750 3176 1022 3225; x_wconf 70' lang='lat' dir='ltr'>dicacitate.</span> <span class='ocrx_word' id='word_1_408' title='bbox 1057 3189 1214 3239; x_wconf 82' lang='lat' dir='ltr'>neque</span> <span class='ocrx_word' id='word_1_409' title='bbox 1248 3174 1377 3222; x_wconf 88' lang='lat' dir='ltr'>enim</span> <span class='ocrx_word' id='word_1_410' title='bbox 1412 3173 1502 3221; x_wconf 86' lang='lat' dir='ltr'>tibi</span> <span class='ocrx_word' id='word_1_411' title='bbox 1538 3187 1812 3237; x_wconf 83' lang='lat' dir='ltr'>permanere</span> <span class='ocrx_word' id='word_1_412' title='bbox 1830 3171 2018 3235; x_wconf 72' lang='lat' dir='ltr'>volunt,</span> <span class='ocrx_word' id='word_1_413' title='bbox 2053 3178 2109 3219; x_wconf 87' lang='lat' dir='ltr'>ut</span> <span class='ocrx_word' id='word_1_414' title='bbox 2140 3169 2229 3218; x_wconf 81' lang='lat' dir='ltr'>tibi</span> <span class='ocrx_word' id='word_1_415' title='bbox 2258 3184 2451 3234; x_wconf 84' lang='lat' dir='ltr'>quoque</span> <span class='ocrx_word' id='word_1_416' title='bbox 2481 3170 2687 3219; x_wconf 82' lang='lat' dir='ltr'>videtur.</span> 
     </span>
     <span class='ocr_line' id='line_1_35' title="bbox 492 3251 2680 3319; baseline -0.002 -14"><span class='ocrx_word' id='word_1_417' title='bbox 492 3256 590 3306; x_wconf 81' lang='lat' dir='ltr'>Eu.</span> <span class='ocrx_word' id='word_1_418' title='bbox 622 3255 775 3305; x_wconf 79' lang='lat' dir='ltr'>Immo</span> <span class='ocrx_word' id='word_1_419' title='bbox 797 3256 912 3305; x_wconf 82' lang='lat' dir='ltr'>mihi</span> <span class='ocrx_word' id='word_1_420' title='bbox 932 3256 1136 3318; x_wconf 79' lang='lat' dir='ltr'>videtur,</span> <span class='ocrx_word' id='word_1_421' title='bbox 1150 3271 1180 3302; x_wconf 92' lang='lat' dir='ltr'>o</span> <span class='ocrx_word' id='word_1_422' title='bbox 1200 3256 1436 3312; x_wconf 82' lang='lat' dir='ltr'>Socrates,</span> <span class='ocrx_word' id='word_1_423' title='bbox 1456 3269 1566 3319; x_wconf 70' lang='lat' dir='ltr'>quo</span> <span class='ocrx_word' id='word_1_424' title='bbox 1588 3254 1718 3304; x_wconf 85' lang='lat' dir='ltr'>dicta</span> <span class='ocrx_word' id='word_1_425' title='bbox 1738 3260 1867 3313; x_wconf 81' lang='lat' dir='ltr'>sunt,</span> <span class='ocrx_word' id='word_1_426' title='bbox 1905 3252 2107 3302; x_wconf 86' lang='lat' dir='ltr'>eandem</span> <span class='ocrx_word' id='word_1_427' title='bbox 2128 3267 2254 3315; x_wconf 82' lang='lat' dir='ltr'>pene</span> <span class='ocrx_word' id='word_1_428' title='bbox 2272 3251 2570 3301; x_wconf 83' lang='lat' dir='ltr'>dicacitatem</span> <span class='ocrx_word' id='word_1_429' title='bbox 2603 3252 2680 3316; x_wconf 85' lang='lat' dir='ltr'>jo-</span> 
     </span>
     <span class='ocr_line' id='line_1_36' title="bbox 493 3332 2680 3400; baseline -0.003 -13"><span class='ocrx_word' id='word_1_430' title='bbox 493 3351 696 3400; x_wconf 82' lang='lat' dir='ltr'>cumque</span> <span class='ocrx_word' id='word_1_431' title='bbox 717 3336 964 3383; x_wconf 85' lang='lat' dir='ltr'>admittere</span> <span class='ocrx_word' id='word_1_432' title='bbox 984 3351 999 3382; x_wconf 72' lang='grc' dir='ltr'><em>ε</em></span> <span class='ocrx_word' id='word_1_433' title='bbox 1030 3335 1161 3397; x_wconf 83' lang='lat' dir='ltr'>quod</span> <span class='ocrx_word' id='word_1_434' title='bbox 1181 3334 1306 3383; x_wconf 84' lang='lat' dir='ltr'>enim</span> <span class='ocrx_word' id='word_1_435' title='bbox 1329 3334 1410 3381; x_wconf 82' lang='lat' dir='ltr'>iila</span> <span class='ocrx_word' id='word_1_436' title='bbox 1431 3334 1840 3391; x_wconf 81' lang='lat' dir='ltr'>circumlabantur,</span> <span class='ocrx_word' id='word_1_437' title='bbox 1878 3349 1968 3398; x_wconf 78' lang='lat' dir='ltr'>ego</span> <span class='ocrx_word' id='word_1_438' title='bbox 1997 3332 2191 3382; x_wconf 83' lang='lat' dir='ltr'>minime</span> <span class='ocrx_word' id='word_1_439' title='bbox 2210 3333 2260 3381; x_wconf 86' lang='lat' dir='ltr'>in</span> <span class='ocrx_word' id='word_1_440' title='bbox 2280 3345 2564 3391; x_wconf 83' lang='lat' dir='ltr'>causa&#39;sum,</span> <span class='ocrx_word' id='word_1_441' title='bbox 2596 3334 2680 3381; x_wconf 76' lang='lat' dir='ltr'>scd</span> 
     </span>
     <span class='ocr_line' id='line_1_37' title="bbox 493 3412 2680 3478; baseline -0.001 -11"><span class='ocrx_word' id='word_1_442' title='bbox 493 3426 546 3467; x_wconf 81' lang='lat' dir='ltr'>tu</span> <span class='ocrx_word' id='word_1_443' title='bbox 568 3415 685 3465; x_wconf 86' lang='lat' dir='ltr'>mihi</span> <span class='ocrx_word' id='word_1_444' title='bbox 706 3414 933 3463; x_wconf 71' lang='lat' dir='ltr'>Dodalus</span> <span class='ocrx_word' id='word_1_445' title='bbox 953 3414 1058 3478; x_wconf 81' lang='lat' dir='ltr'>ipse</span> <span class='ocrx_word' id='word_1_446' title='bbox 1079 3412 1253 3462; x_wconf 82' lang='lat' dir='ltr'>videris</span> <span class='ocrx_word' id='word_1_447' title='bbox 1270 3430 1285 3461; x_wconf 71' lang='grc' dir='ltr'>ι</span> <span class='ocrx_word' id='word_1_448' title='bbox 1317 3421 1549 3477; x_wconf 85' lang='lat' dir='ltr'>quantum</span> <span class='ocrx_word' id='word_1_449' title='bbox 1571 3429 1777 3478; x_wconf 87' lang='lat' dir='ltr'>namque</span> <span class='ocrx_word' id='word_1_450' title='bbox 1798 3415 1849 3463; x_wconf 85' lang='lat' dir='ltr'>in</span> <span class='ocrx_word' id='word_1_451' title='bbox 1865 3429 1941 3462; x_wconf 84' lang='lat' dir='ltr'>me</span> <span class='ocrx_word' id='word_1_452' title='bbox 1961 3422 2051 3471; x_wconf 87' lang='lat' dir='ltr'>cst,</span> <span class='ocrx_word' id='word_1_453' title='bbox 2068 3414 2140 3463; x_wconf 81' lang='lat' dir='ltr'>sic</span> <span class='ocrx_word' id='word_1_454' title='bbox 2160 3413 2242 3462; x_wconf 86' lang='lat' dir='ltr'>illa</span> <span class='ocrx_word' id='word_1_455' title='bbox 2263 3414 2556 3464; x_wconf 78' lang='lat' dir='ltr'>mansissent.</span> <span class='ocrx_word' id='word_1_456' title='bbox 2593 3415 2680 3465; x_wconf 84' lang='lat' dir='ltr'>So.</span> 
     </span>
     <span class='ocr_line' id='line_1_38' title="bbox 497 3493 2679 3561; baseline -0.002 -13"><span class='ocrx_word' id='word_1_457' title='bbox 497 3498 679 3548; x_wconf 81' lang='lat' dir='ltr'>Videor</span> <span class='ocrx_word' id='word_1_458' title='bbox 697 3496 855 3561; x_wconf 81' lang='lat' dir='ltr'>igitur,</span> <span class='ocrx_word' id='word_1_459' title='bbox 869 3511 901 3544; x_wconf 88' lang='lat' dir='ltr'>o</span> <span class='ocrx_word' id='word_1_460' title='bbox 922 3493 1093 3559; x_wconf 87' lang='lat' dir='ltr'>amice,</span> <span class='ocrx_word' id='word_1_461' title='bbox 1112 3509 1173 3543; x_wconf 87' lang='lat' dir='ltr'>eo</span> <span class='ocrx_word' id='word_1_462' title='bbox 1193 3494 1245 3542; x_wconf 87' lang='lat' dir='ltr'>in</span> <span class='ocrx_word' id='word_1_463' title='bbox 1266 3494 1356 3543; x_wconf 85' lang='lat' dir='ltr'>bac</span> <span class='ocrx_word' id='word_1_464' title='bbox 1375 3501 1477 3542; x_wconf 78' lang='lat' dir='ltr'>arte</span> <span class='ocrx_word' id='word_1_465' title='bbox 1496 3509 1640 3558; x_wconf 84' lang='lat' dir='ltr'>quam</span> <span class='ocrx_word' id='word_1_466' title='bbox 1660 3494 1740 3541; x_wconf 91' lang='lat' dir='ltr'>ille</span> <span class='ocrx_word' id='word_1_467' title='bbox 1759 3494 2073 3558; x_wconf 64' lang='lat' dir='ltr'>prasstantior,</span> <span class='ocrx_word' id='word_1_468' title='bbox 2106 3509 2204 3560; x_wconf 89' lang='lat' dir='ltr'>quo</span> <span class='ocrx_word' id='word_1_469' title='bbox 2222 3493 2308 3542; x_wconf 87' lang='lat' dir='ltr'>ille</span> <span class='ocrx_word' id='word_1_470' title='bbox 2327 3510 2414 3542; x_wconf 83' lang='lat' dir='ltr'>sua</span> <span class='ocrx_word' id='word_1_471' title='bbox 2430 3494 2583 3543; x_wconf 83' lang='lat' dir='ltr'>solum</span> <span class='ocrx_word' id='word_1_472' title='bbox 2605 3495 2679 3544; x_wconf 85' lang='lat' dir='ltr'>in·</span> 
     </span>
     <span class='ocr_line' id='line_1_39' title="bbox 496 3574 2681 3641; baseline -0.002 -13"><span class='ocrx_word' id='word_1_473' title='bbox 496 3578 682 3628; x_wconf 77' lang='lat' dir='ltr'>stabilia</span> <span class='ocrx_word' id='word_1_474' title='bbox 702 3577 980 3639; x_wconf 67' lang='lat' dir='ltr'>fabricabat,</span> <span class='ocrx_word' id='word_1_475' title='bbox 999 3591 1090 3640; x_wconf 68' lang='lat' dir='ltr'>ego</span> <span class='ocrx_word' id='word_1_476' title='bbox 1110 3583 1288 3633; x_wconf 76' lang='lat' dir='ltr'>autem,</span> <span class='ocrx_word' id='word_1_477' title='bbox 1311 3583 1480 3639; x_wconf 67' lang='lat' dir='ltr'>proter</span> <span class='ocrx_word' id='word_1_478' title='bbox 1508 3589 1630 3632; x_wconf 80' lang='lat' dir='ltr'>mea,</span> <span class='ocrx_word' id='word_1_479' title='bbox 1651 3582 1708 3623; x_wconf 87' lang='lat' dir='ltr'>ut</span> <span class='ocrx_word' id='word_1_480' title='bbox 1727 3581 1943 3638; x_wconf 82' lang='lat' dir='ltr'>apparet,</span> <span class='ocrx_word' id='word_1_481' title='bbox 1973 3576 2115 3623; x_wconf 80' lang='lat' dir='ltr'>etiam</span> <span class='ocrx_word' id='word_1_482' title='bbox 2147 3574 2321 3626; x_wconf 82' lang='lat' dir='ltr'>aliena.</span> <span class='ocrx_word' id='word_1_483' title='bbox 2389 3575 2542 3641; x_wconf 80' lang='lat' dir='ltr'>quue</span> <span class='ocrx_word' id='word_1_484' title='bbox 2570 3576 2681 3624; x_wconf 83' lang='lat' dir='ltr'>mihi</span> 
     </span>
     <span class='ocr_line' id='line_1_40' title="bbox 493 3655 2683 3722; baseline -0.003 -12"><span class='ocrx_word' id='word_1_485' title='bbox 493 3661 637 3711; x_wconf 82' lang='lat' dir='ltr'>estin</span> <span class='ocrx_word' id='word_1_486' title='bbox 660 3665 759 3708; x_wconf 87' lang='lat' dir='ltr'>arte</span> <span class='ocrx_word' id='word_1_487' title='bbox 779 3656 1158 3722; x_wconf 81' lang='lat' dir='ltr'>pulcherrimum,</span> <span class='ocrx_word' id='word_1_488' title='bbox 1178 3657 1307 3721; x_wconf 85' lang='lat' dir='ltr'>quod</span> <span class='ocrx_word' id='word_1_489' title='bbox 1329 3656 1504 3704; x_wconf 78' lang='lat' dir='ltr'>invitus</span> <span class='ocrx_word' id='word_1_490' title='bbox 1526 3671 1630 3704; x_wconf 83' lang='lat' dir='ltr'>sum</span> <span class='ocrx_word' id='word_1_491' title='bbox 1651 3655 1857 3721; x_wconf 83' lang='lat' dir='ltr'>sapiens.</span> <span class='ocrx_word' id='word_1_492' title='bbox 1923 3656 2092 3706; x_wconf 81' lang='lat' dir='ltr'>Malim</span> <span class='ocrx_word' id='word_1_493' title='bbox 2124 3669 2327 3721; x_wconf 86' lang='lat' dir='ltr'>namque</span> <span class='ocrx_word' id='word_1_494' title='bbox 2347 3656 2548 3706; x_wconf 77' lang='lat' dir='ltr'>rationes</span> <span class='ocrx_word' id='word_1_495' title='bbox 2570 3657 2683 3704; x_wconf 80' lang='lat' dir='ltr'>mihi</span> 
     </span>
     <span class='ocr_line' id='line_1_41' title="bbox 493 3736 2681 3803; baseline -0.001 -15"><span class='ocrx_word' id='word_1_496' title='bbox 493 3755 697 3798; x_wconf 80' lang='lat' dir='ltr'>manere,</span> <span class='ocrx_word' id='word_1_497' title='bbox 716 3737 1071 3803; x_wconf 67' lang='lat' dir='ltr'>immobilesque</span> <span class='ocrx_word' id='word_1_498' title='bbox 1090 3736 1361 3793; x_wconf 80' lang='lat' dir='ltr'>consistere.</span> <span class='ocrx_word' id='word_1_499' title='bbox 1382 3752 1526 3801; x_wconf 85' lang='lat' dir='ltr'>quam</span> <span class='ocrx_word' id='word_1_500' title='bbox 1547 3751 1690 3802; x_wconf 84' lang='lat' dir='ltr'>supra</span> <span class='ocrx_word' id='word_1_501' title='bbox 1714 3737 1906 3786; x_wconf 65' lang='lat' dir='ltr'>Ded-li</span> <span class='ocrx_word' id='word_1_502' title='bbox 1927 3736 2228 3802; x_wconf 81' lang='lat' dir='ltr'>sapientiam,</span> <span class='ocrx_word' id='word_1_503' title='bbox 2266 3736 2455 3786; x_wconf 83' lang='lat' dir='ltr'>Tantali</span> <span class='ocrx_word' id='word_1_504' title='bbox 2489 3753 2681 3802; x_wconf 85' lang='lat' dir='ltr'>quoquo</span> 
     </span>
     <span class='ocr_line' id='line_1_42' title="bbox 492 3818 2683 3885; baseline -0.002 -14"><span class='ocrx_word' id='word_1_505' title='bbox 492 3822 683 3873; x_wconf 77' lang='lat' dir='ltr'>divitias</span> <span class='ocrx_word' id='word_1_506' title='bbox 703 3820 881 3869; x_wconf 76' lang='lat' dir='ltr'>affatim</span> <span class='ocrx_word' id='word_1_507' title='bbox 899 3818 1102 3885; x_wconf 79' lang='lat' dir='ltr'>assequi.</span> <span class='ocrx_word' id='word_1_508' title='bbox 1166 3818 1422 3882; x_wconf 72' lang='lat' dir='ltr'>Postquam</span> <span class='ocrx_word' id='word_1_509' title='bbox 1445 3833 1574 3876; x_wconf 78' lang='lat' dir='ltr'>vero,</span> <span class='ocrx_word' id='word_1_510' title='bbox 1599 3826 1822 3882; x_wconf 83' lang='lat' dir='ltr'>tanquam</span> <span class='ocrx_word' id='word_1_511' title='bbox 1846 3818 2115 3876; x_wconf 67' lang='lat' dir='ltr'>delicatior,</span> <span class='ocrx_word' id='word_1_512' title='bbox 2137 3818 2341 3867; x_wconf 81' lang='lat' dir='ltr'>laborem</span> <span class='ocrx_word' id='word_1_513' title='bbox 2363 3818 2683 3883; x_wconf 74' lang='lat' dir='ltr'>subterfugere</span> 
     </span>
     <span class='ocr_line' id='line_1_43' title="bbox 492 3899 2681 3966; baseline -0.004 -11"><span class='ocrx_word' id='word_1_514' title='bbox 492 3902 607 3955; x_wconf 84' lang='lat' dir='ltr'>mihi</span> <span class='ocrx_word' id='word_1_515' title='bbox 628 3902 815 3961; x_wconf 80' lang='lat' dir='ltr'>videris,</span> <span class='ocrx_word' id='word_1_516' title='bbox 848 3917 943 3966; x_wconf 79' lang='lat' dir='ltr'>ego</span> <span class='ocrx_word' id='word_1_517' title='bbox 966 3917 1059 3950; x_wconf 88' lang='lat' dir='ltr'>una</span> <span class='ocrx_word' id='word_1_518' title='bbox 1080 3908 1235 3950; x_wconf 85' lang='lat' dir='ltr'>tecum</span> <span class='ocrx_word' id='word_1_519' title='bbox 1256 3899 1494 3949; x_wconf 84' lang='lat' dir='ltr'>declarare</span> <span class='ocrx_word' id='word_1_520' title='bbox 1513 3901 1816 3955; x_wconf 82' lang='lat' dir='ltr'>contendam.</span> <span class='ocrx_word' id='word_1_521' title='bbox 1845 3909 1903 3949; x_wconf 89' lang='lat' dir='ltr'>ut</span> <span class='ocrx_word' id='word_1_522' title='bbox 1924 3916 1998 3949; x_wconf 89' lang='lat' dir='ltr'>me</span> <span class='ocrx_word' id='word_1_523' title='bbox 2019 3900 2144 3950; x_wconf 75' lang='lat' dir='ltr'>eima</span> <span class='ocrx_word' id='word_1_524' title='bbox 2163 3899 2320 3963; x_wconf 84' lang='lat' dir='ltr'>ipsum</span> <span class='ocrx_word' id='word_1_525' title='bbox 2340 3906 2553 3948; x_wconf 57' lang='lat' dir='ltr'>undum</span> <span class='ocrx_word' id='word_1_526' title='bbox 2575 3915 2681 3948; x_wconf 85' lang='lat' dir='ltr'>eru-</span> 
     </span>
     <span class='ocr_line' id='line_1_44' title="bbox 491 3978 2685 4047; baseline -0.004 -11"><span class='ocrx_word' id='word_1_527' title='bbox 491 3985 616 4047; x_wconf 80' lang='lat' dir='ltr'>dias,</span> <span class='ocrx_word' id='word_1_528' title='bbox 636 3982 796 4034; x_wconf 85' lang='lat' dir='ltr'>necin</span> <span class='ocrx_word' id='word_1_529' title='bbox 818 3983 976 4032; x_wconf 90' lang='lat' dir='ltr'>medio</span> <span class='ocrx_word' id='word_1_530' title='bbox 995 3997 1212 4032; x_wconf 81' lang='lat' dir='ltr'>sennone</span> <span class='ocrx_word' id='word_1_531' title='bbox 1249 3981 1462 4031; x_wconf 78' lang='lat' dir='ltr'>deficias.</span> <span class='ocrx_word' id='word_1_532' title='bbox 1526 3980 1675 4045; x_wconf 86' lang='lat' dir='ltr'>Vide,</span> <span class='ocrx_word' id='word_1_533' title='bbox 1703 3996 1816 4029; x_wconf 80' lang='lat' dir='ltr'>num</span> <span class='ocrx_word' id='word_1_534' title='bbox 1848 3980 1937 4030; x_wconf 89' lang='lat' dir='ltr'>tibi</span> <span class='ocrx_word' id='word_1_535' title='bbox 1967 3980 2277 4030; x_wconf 76' lang='lat' dir='ltr'>necessarium</span> <span class='ocrx_word' id='word_1_536' title='bbox 2298 3978 2515 4028; x_wconf 79' lang='lat' dir='ltr'>videatur</span> <span class='ocrx_word' id='word_1_537' title='bbox 2541 3991 2685 4028; x_wconf 78' lang='lat' dir='ltr'>omne</span> 
     </span>
     <span class='ocr_line' id='line_1_45' title="bbox 490 4059 2683 4126; baseline -0.003 -11"><span class='ocrx_word' id='word_1_538' title='bbox 490 4073 706 4116; x_wconf 81' lang='lat' dir='ltr'>sanctum</span> <span class='ocrx_word' id='word_1_539' title='bbox 727 4078 830 4113; x_wconf 79' lang='lat' dir='ltr'>esse</span> <span class='ocrx_word' id='word_1_540' title='bbox 843 4063 1043 4126; x_wconf 84' lang='lat' dir='ltr'>justum.</span> <span class='ocrx_word' id='word_1_541' title='bbox 1108 4062 1207 4113; x_wconf 84' lang='lat' dir='ltr'>Eu.</span> <span class='ocrx_word' id='word_1_542' title='bbox 1239 4061 1367 4111; x_wconf 75' lang='lat' dir='ltr'>Mihi</span> <span class='ocrx_word' id='word_1_543' title='bbox 1386 4077 1515 4113; x_wconf 80' lang='lat' dir='ltr'>vero.</span> <span class='ocrx_word' id='word_1_544' title='bbox 1581 4061 1664 4111; x_wconf 77' lang='lat' dir='ltr'>So.</span> <span class='ocrx_word' id='word_1_545' title='bbox 1697 4060 1946 4126; x_wconf 84' lang='lat' dir='ltr'>Numquid</span> <span class='ocrx_word' id='word_1_546' title='bbox 1967 4070 2018 4110; x_wconf 85' lang='lat' dir='ltr'>et</span> <span class='ocrx_word' id='word_1_547' title='bbox 2048 4076 2189 4110; x_wconf 83' lang='lat' dir='ltr'>omne</span> <span class='ocrx_word' id='word_1_548' title='bbox 2213 4059 2396 4124; x_wconf 77' lang='lat' dir='ltr'>justum</span> <span class='ocrx_word' id='word_1_549' title='bbox 2428 4063 2683 4111; x_wconf 80' lang='lat' dir='ltr'>sanctum?</span> 
     </span>
     <span class='ocr_line' id='line_1_46' title="bbox 490 4142 2680 4211; baseline -0.003 -15"><span class='ocrx_word' id='word_1_550' title='bbox 490 4155 574 4196; x_wconf 83' lang='lat' dir='ltr'>aut</span> <span class='ocrx_word' id='word_1_551' title='bbox 595 4145 753 4211; x_wconf 78' lang='lat' dir='ltr'>potius</span> <span class='ocrx_word' id='word_1_552' title='bbox 787 4144 902 4208; x_wconf 71' lang='lat'>[12]</span> <span class='ocrx_word' id='word_1_553' title='bbox 936 4159 1077 4194; x_wconf 81' lang='lat' dir='ltr'>omne</span> <span class='ocrx_word' id='word_1_554' title='bbox 1112 4151 1325 4193; x_wconf 79' lang='lat' dir='ltr'>sanctum</span> <span class='ocrx_word' id='word_1_555' title='bbox 1354 4143 1576 4208; x_wconf 68' lang='lat' dir='ltr'>justum?</span> <span class='ocrx_word' id='word_1_556' title='bbox 1604 4142 1789 4206; x_wconf 87' lang='lat' dir='ltr'>justum</span> <span class='ocrx_word' id='word_1_557' title='bbox 1810 4158 1921 4192; x_wconf 80' lang='lat' dir='ltr'>vero</span> <span class='ocrx_word' id='word_1_558' title='bbox 1953 4155 2051 4191; x_wconf 87' lang='lat' dir='ltr'>non</span> <span class='ocrx_word' id='word_1_559' title='bbox 2071 4157 2213 4191; x_wconf 80' lang='lat' dir='ltr'>omne</span> <span class='ocrx_word' id='word_1_560' title='bbox 2232 4143 2424 4206; x_wconf 83' lang='lat' dir='ltr'>quidem</span> <span class='ocrx_word' id='word_1_561' title='bbox 2446 4153 2680 4201; x_wconf 77' lang='lat' dir='ltr'>sanctum,</span> 
     </span>
     <span class='ocr_line' id='line_1_47' title="bbox 487 4223 2680 4293; baseline -0.003 -15"><span class='ocrx_word' id='word_1_562' title='bbox 487 4229 574 4278; x_wconf 80' lang='lat' dir='ltr'>sed</span> <span class='ocrx_word' id='word_1_563' title='bbox 598 4227 768 4293; x_wconf 72' lang='lat' dir='ltr'>partim</span> <span class='ocrx_word' id='word_1_564' title='bbox 789 4232 1021 4283; x_wconf 79' lang='lat' dir='ltr'>sanctum,</span> <span class='ocrx_word' id='word_1_565' title='bbox 1058 4224 1225 4289; x_wconf 86' lang='lat' dir='ltr'>partim</span> <span class='ocrx_word' id='word_1_566' title='bbox 1265 4225 1392 4274; x_wconf 84' lang='lat' dir='ltr'>aliud</span> <span class='ocrx_word' id='word_1_567' title='bbox 1426 4225 1698 4290; x_wconf 79' lang='lat' dir='ltr'>quiddam?</span> <span class='ocrx_word' id='word_1_568' title='bbox 1763 4223 1863 4274; x_wconf 80' lang='lat' dir='ltr'>Eo.</span> <span class='ocrx_word' id='word_1_569' title='bbox 1898 4223 2233 4289; x_wconf 82' lang='lat' dir='ltr'>Nequaquam,</span> <span class='ocrx_word' id='word_1_570' title='bbox 2254 4224 2541 4280; x_wconf 52' lang='grc' dir='ltr'>σῶοι-ιω,</span> <span class='ocrx_word' id='word_1_571' title='bbox 2571 4239 2680 4287; x_wconf 72' lang='lat' dir='ltr'>quas</span> 
     </span>
     <span class='ocr_line' id='line_1_48' title="bbox 489 4303 2680 4371; baseline -0.003 -13"><span class='ocrx_word' id='word_1_572' title='bbox 489 4308 619 4359; x_wconf 80' lang='lat' dir='ltr'>dicta</span> <span class='ocrx_word' id='word_1_573' title='bbox 639 4315 769 4371; x_wconf 82' lang='lat' dir='ltr'>aunt,</span> <span class='ocrx_word' id='word_1_574' title='bbox 803 4321 1041 4370; x_wconf 81' lang='lat' dir='ltr'>assequor.</span> <span class='ocrx_word' id='word_1_575' title='bbox 1106 4305 1192 4354; x_wconf 85' lang='lat' dir='ltr'>So.</span> <span class='ocrx_word' id='word_1_576' title='bbox 1226 4305 1563 4354; x_wconf 68' lang='lat' dir='ltr'>Verumtamen</span> <span class='ocrx_word' id='word_1_577' title='bbox 1593 4304 1758 4369; x_wconf 87' lang='lat' dir='ltr'>junior</span> <span class='ocrx_word' id='word_1_578' title='bbox 1794 4320 1870 4354; x_wconf 82' lang='lat' dir='ltr'>me</span> <span class='ocrx_word' id='word_1_579' title='bbox 1901 4305 2051 4353; x_wconf 81' lang='lat' dir='ltr'>nihilo</span> <span class='ocrx_word' id='word_1_580' title='bbox 2086 4303 2240 4352; x_wconf 84' lang='lat' dir='ltr'>miuus</span> <span class='ocrx_word' id='word_1_581' title='bbox 2258 4319 2402 4367; x_wconf 82' lang='lat' dir='ltr'>quam</span> <span class='ocrx_word' id='word_1_582' title='bbox 2423 4304 2680 4367; x_wconf 77' lang='lat' dir='ltr'>sapientior</span> 
     </span>
     <span class='ocr_line' id='line_1_49' title="bbox 489 4383 2678 4454; baseline -0.002 -17"><span class='ocrx_word' id='word_1_583' title='bbox 489 4405 572 4438; x_wconf 81' lang='lat' dir='ltr'>es:</span> <span class='ocrx_word' id='word_1_584' title='bbox 608 4392 714 4454; x_wconf 83' lang='lat' dir='ltr'>sed,</span> <span class='ocrx_word' id='word_1_585' title='bbox 734 4398 789 4438; x_wconf 88' lang='lat' dir='ltr'>ut</span> <span class='ocrx_word' id='word_1_586' title='bbox 809 4387 925 4445; x_wconf 81' lang='lat' dir='ltr'>dixi,</span> <span class='ocrx_word' id='word_1_587' title='bbox 942 4387 1186 4436; x_wconf 88' lang='lat' dir='ltr'>delicatior</span> <span class='ocrx_word' id='word_1_588' title='bbox 1205 4404 1258 4436; x_wconf 84' lang='lat' dir='ltr'>es</span> <span class='ocrx_word' id='word_1_589' title='bbox 1279 4387 1342 4435; x_wconf 85' lang='lat' dir='ltr'>ob</span> <span class='ocrx_word' id='word_1_590' title='bbox 1364 4386 1613 4450; x_wconf 70' lang='lat' dir='ltr'>sapientie</span> <span class='ocrx_word' id='word_1_591' title='bbox 1634 4386 1839 4451; x_wconf 86' lang='lat' dir='ltr'>copiam.</span> <span class='ocrx_word' id='word_1_592' title='bbox 1905 4387 1992 4443; x_wconf 75' lang='lat' dir='ltr'>At,</span> <span class='ocrx_word' id='word_1_593' title='bbox 2013 4402 2043 4433; x_wconf 92' lang='lat' dir='ltr'>o</span> <span class='ocrx_word' id='word_1_594' title='bbox 2066 4386 2221 4447; x_wconf 75' lang='lat' dir='ltr'>beate,</span> <span class='ocrx_word' id='word_1_595' title='bbox 2241 4383 2363 4432; x_wconf 75' lang='lat' dir='ltr'>vire·</span> <span class='ocrx_word' id='word_1_596' title='bbox 2381 4391 2488 4432; x_wconf 83' lang='lat' dir='ltr'>tuas</span> <span class='ocrx_word' id='word_1_597' title='bbox 2506 4384 2678 4440; x_wconf 78' lang='lat' dir='ltr'>excita,</span> 
     </span>
     <span class='ocr_line' id='line_1_50' title="bbox 491 4465 2683 4533; baseline -0.001 -15"><span class='ocrx_word' id='word_1_598' title='bbox 491 4468 687 4521; x_wconf 76' lang='lat' dir='ltr'>enitere.</span> <span class='ocrx_word' id='word_1_599' title='bbox 715 4470 840 4522; x_wconf 84' lang='lat' dir='ltr'>nibil</span> <span class='ocrx_word' id='word_1_600' title='bbox 857 4468 985 4520; x_wconf 85' lang='lat' dir='ltr'>enim</span> <span class='ocrx_word' id='word_1_601' title='bbox 1008 4468 1204 4519; x_wconf 77' lang='lat' dir='ltr'>arduum</span> <span class='ocrx_word' id='word_1_602' title='bbox 1224 4475 1316 4527; x_wconf 69' lang='lat' dir='ltr'>cst.</span> <span class='ocrx_word' id='word_1_603' title='bbox 1352 4468 1487 4533; x_wconf 75' lang='lat' dir='ltr'>quod</span> <span class='ocrx_word' id='word_1_604' title='bbox 1518 4466 1732 4519; x_wconf 79' lang='lat' dir='ltr'>dicebam</span> <span class='ocrx_word' id='word_1_605' title='bbox 1762 4466 2179 4532; x_wconf 72' lang='lat' dir='ltr'>wmprehendete.</span> <span class='ocrx_word' id='word_1_606' title='bbox 2210 4465 2325 4517; x_wconf 71' lang='lat' dir='ltr'>dieo</span> <span class='ocrx_word' id='word_1_607' title='bbox 2340 4479 2549 4530; x_wconf 80' lang='lat' dir='ltr'>namque</span> <span class='ocrx_word' id='word_1_608' title='bbox 2568 4479 2683 4515; x_wconf 84' lang='lat' dir='ltr'>oon·</span> 
     </span>
    </p>
   </div>
  </div>
 </body>
</html>
