2917 4975
271 416 420 493 118]
1194 416 1527 481 PHAEDO.
2342 425 2466 484 463

266 577 378 634 post
399 570 642 635 potionem
671 568 988 629 deambulare,
1010 571 1168 635 quoad
1191 571 1369 635 gravari
1404 571 1495 621 tibi
1532 571 1708 620 sentias
1742 585 1911 634 crura3
1944 578 2113 637 postea
2134 587 2244 623 vero
2270 572 2462 637 jacere:

267 657 413 714 atque
434 650 502 699 ita
525 658 575 699 tu
598 651 759 700 facies.
823 650 943 700 Hoc
963 651 1127 700 dicens
1161 650 1367 716 porrexit
1402 649 1601 700 calicem
1625 650 1827 702 Socrati.
1894 650 2109 702 Socrates
2130 667 2240 702 vero
2258 654 2466 703 hilariter

267 729 544 788 admodum,
585 746 616 779 o
652 730 952 788 Echecrates,
988 730 1196 794 aceepit,
1231 730 1348 785 nihil
1384 732 1580 780 omnino
1612 738 1893 789 commotus,
1925 745 2082 797 neque
2115 732 2274 783 eolore
2307 749 2466 799 neque

271 808 408 858 vultu
431 817 641 859 mutato:
679 812 763 860 aed
786 811 1183 876 quemadmodum
1205 819 1531 869 consueverat,
1553 811 1738 861 taurine
1760 811 1893 860 illum
1921 810 2174 876 aspiciens,
2208 813 2340 872 Quid
2375 814 2463 869 ais,

266 889 460 955 inquit?
492 889 668 939 licetne
695 907 753 940 ex
787 892 880 940 boc
911 889 1085 955 poculo
1105 890 1323 939 nonnihil
1343 891 1610 955 spargendo
1633 891 1928 940 sacrificare?
1990 891 2215 952 Tantum,
2236 892 2408 957 inquit,
2430 910 2462 942 o

259 968 495 1029 Socrates,
515 971 838 1029 contrivimus,
852 978 1080 1035 quantum
1102 971 1215 1020 satis
1236 972 1336 1021 fore
1358 970 1645 1036 putavimus.
1711 972 1958 1037 Intelligo,
1973 970 2146 1038 inquit.
2178 973 2265 1022 aed
2279 980 2331 1022 et
2349 973 2462 1022 lieet

261 1055 314 1098 et
351 1058 539 1114 oportet
573 1065 704 1099 orare
741 1052 874 1109 deos,
913 1059 968 1099 ut
1003 1051 1116 1099 felix
1154 1051 1218 1099 sit
1244 1050 1587 1115 transmigratio
1624 1059 1799 1100 nostra.
1834 1051 1962 1115 quod
1993 1052 2214 1116 equidem
2250 1053 2465 1111 obsecro,

263 1136 410 1193 atque
433 1131 612 1179 utinam
628 1131 696 1179 ita
716 1130 827 1179 fiat!
894 1130 960 1179 Et
977 1130 1114 1179 simul
1134 1131 1204 1178 his
1225 1131 1369 1180 dietis
1401 1131 1663 1179 admonens
1695 1130 1835 1179 facile
1869 1131 2124 1201 admodum
2153 1131 2460 1196 alacriterque

257 1208 429 1258 ebibit.
493 1211 715 1275 Plerique
737 1220 946 1260 nostrum
967 1225 1179 1273 eousque
1198 1210 1398 1259 retinere
1420 1208 1772 1273 quodammodo
1794 1209 2026 1275 laerymas
2050 1217 2369 1274 potueramus.
2406 1219 2458 1259 at

258 1296 510 1353 postquam
536 1297 586 1339 et
607 1289 844 1339 bibentem
869 1289 1070 1338 vidimus
1089 1296 1139 1337 et
1175 1289 1365 1347 bibisse,
1388 1288 1583 1337 ulterius
1617 1302 1716 1337 non
1755 1290 2028 1353 potuimoa;
2058 1290 2141 1338 ud
2165 1305 2240 1339 me
2260 1291 2454 1354 quidem

256 1368 397 1417 dolor
417 1371 537 1419 adeo
557 1371 825 1435 superabat,
848 1378 903 1419 ut
931 1371 1151 1435 lacrymas
1184 1369 1378 1433 largiter
1406 1366 1510 1433 jam
1549 1368 1666 1417 mibi
1688 1369 1988 1433 profluerent.
2056 1370 2358 1434 Quapropter
2377 1386 2455 1420 me

255 1457 511 1513 protegens
530 1451 852 1514 deplorabam,
873 1465 969 1499 non
986 1451 1118 1499 illum
1140 1450 1350 1515 quidem,
1371 1450 1456 1499 aed
1488 1449 1721 1497 fortunam
1743 1464 1916 1512 meam,
1933 1449 2014 1514 qui
2037 1450 2121 1497 tali
2143 1449 2296 1499 amieo
2317 1451 2455 1500 orba-

258 1536 338 1578 tus
358 1544 524 1579 essem.
588 1531 723 1582 Crito
745 1538 902 1581 autem
923 1532 1065 1581 etiam
1098 1531 1244 1595 prius,
1268 1546 1377 1580 cum
1401 1530 1633 1596 lacrymas
1656 1527 1875 1594 nequiret
1894 1529 2157 1594 continere,
2179 1539 2449 1580 surrexerat.

256 1608 355 1657 Sed
379 1610 702 1675 Apollodorus
725 1627 815 1661 nee
836 1612 886 1660 in
907 1613 1136 1676 superiori
1157 1612 1349 1676 quidem
1370 1620 1583 1676 temporo
1621 1626 1830 1674 unquam
1863 1610 2121 1675 lacrymare
2156 1619 2417 1660 cessaverat
2437 1629 2450 1661 ε

256 1694 375 1738 tunc
394 1705 503 1739 vero
527 1686 765 1756 precipue
788 1691 1063 1750 vociferans,
1085 1707 1231 1756 mque
1252 1692 1406 1756 ipsum
1420 1691 1666 1748 afflictam,
1683 1689 1916 1739 neminem
1931 1690 2119 1754 reliquit
2134 1691 2451 1756 praesentium,

258 1769 399 1834 cnjus
418 1769 568 1820 vicem
592 1787 690 1820 non
726 1772 1008 1835 deploraret,
1032 1782 1198 1837 proeter
1236 1773 1377 1821 unius
1411 1771 1617 1820 Socratis
1639 1771 1807 1820 vicem.
1873 1770 1964 1819 Ille
1985 1786 2095 1819 vero
2115 1771 2217 1819 hoc
2236 1771 2450 1819 animad-

258 1857 464 1909 vertens,
487 1851 751 1917 Quidnam,
773 1853 949 1918 inquit,
971 1868 1002 1900 o
1026 1851 1111 1900 viri
1132 1853 1387 1911 mirabiles,
1409 1850 1584 1917 agitis?
1617 1851 1751 1916 atqui
1772 1866 1862 1915 ego
1885 1850 2088 1899 maxime
2107 1851 2230 1900 hauc
2251 1850 2315 1899 ob
2335 1865 2449 1900 eau-

257 1946 358 1979 sam
377 1931 592 1981 mulieres
612 1933 876 1997 abegeram,
898 1947 960 1982 ne
977 1932 1091 1980 talia
1112 1933 1338 1982 facerent.
1371 1932 1639 1982 audiveram
1661 1931 1808 1991 enim,
1829 1932 1879 1978 iu
1902 1929 2235 1980 benedictione
2254 1945 2357 1980 ease
2389 1947 2446 1980 ex

254 2012 349 2060 hac
372 2011 468 2060 vita
497 2011 806 2076 migrandum.
871 2011 1118 2071 Quieseite
1153 2013 1296 2076 igitur
1329 2018 1474 2077 atque
1508 2013 1721 2061 tolerate.
1787 2010 1910 2073 Noa,
1924 2026 2033 2059 vero
2064 2012 2167 2060 bec
2203 2011 2452 2060 audientes

257 2092 546 2157 erubuimus,
576 2094 934 2156 destitimusque
968 2107 997 2140 a
1033 2091 1270 2156 lacrymis.
1336 2092 1433 2141 Sed
1471 2092 1594 2156 ipae,
1615 2106 1723 2141 cum
1754 2089 1879 2138 inter
1898 2089 2294 2138 deambulandum
2314 2106 2449 2140 eruta

249 2168 354 2233 jam
378 2172 558 2233 gravari
577 2172 787 2227 sentiret,
804 2171 958 2233 jacuit
970 2171 1248 2232 resupinus:
1284 2171 1352 2218 sie
1371 2171 1517 2225 enim,
1538 2170 1621 2232 qui
1642 2184 1871 2217 venenum
1892 2169 2107 2231 prebuit,
2122 2167 2340 2231 jusserat.
2361 2170 2448 2233 qui

256 2248 404 2312 paulo
417 2254 527 2311 post
544 2264 652 2296 eum
675 2255 891 2311 tangens,
911 2247 1055 2311 pedes
1092 2255 1141 2297 et
1173 2263 1306 2301 crura
1338 2247 1656 2298 consideravit
1671 2264 1687 2307 ;
1720 2246 1898 2295 deinde
1918 2248 2102 2312 gravina
2135 2248 2448 2312 comprimens

254 2329 431 2393 pedem
451 2327 576 2391 ejus,
596 2328 812 2391 quesivit
828 2344 889 2376 au
909 2330 1116 2379 sentiret.
1152 2328 1344 2393 negavit
1364 2330 1599 2377 Socrates.
1665 2326 1757 2375 Ille
1781 2340 1934 2375 rursus
1957 2327 2123 2391 pressit
2155 2326 2302 2392 [118]
2337 2327 2449 2376 tibi·

252 2424 324 2465 as,
350 2407 670 2472 paulatimque
692 2422 833 2456 manu
854 2410 1113 2458 ascendens
1134 2409 1344 2459 ostendit
1365 2409 1503 2458 nobis
1525 2408 1694 2472 frigere
1715 2422 1796 2457 eas
1814 2415 1956 2471 atque
1984 2408 2147 2471 rigere.
2180 2414 2230 2457 et
2251 2408 2353 2471 ipse
2374 2415 2447 2457 at·

253 2489 364 2554 tigit
385 2505 556 2547 rursus,
572 2490 751 2554 aitque,
767 2506 874 2540 cum
897 2492 959 2539 ad
981 2507 1065 2540 cor
1084 2492 1371 2555 pervenerit,
1394 2500 1509 2540 tune
1543 2505 1645 2539 esse
1681 2490 1997 2539 decessurum.
2065 2489 2173 2540 Jam
2198 2490 2343 2553 igitur
2360 2490 2444 2540 fri·

255 2577 456 2635 guerant
469 2569 514 2618 ei
530 2571 805 2635 precordia,
816 2586 924 2619 cum
940 2572 1169 2637 detegens
1183 2571 1309 2638 (erat
1322 2571 1448 2621 enim
1468 2578 1598 2620 veste
1613 2569 1891 2635 coopertus)
1904 2570 2155 2635 dixigquae
2171 2586 2259 2620 vox
2275 2570 2348 2619 illi
2363 2587 2446 2620 ex·

256 2658 406 2699 trema
421 2650 511 2699 fuit
532 2669 544 2699 z
581 2650 626 2700 Ο
643 2651 794 2710 Crito,
812 2652 1096 2717 AEseulapio
1110 2653 1284 2718 gallum
1302 2654 1530 2702 debemus
1551 2669 1563 2699 t
1599 2666 1740 2715 quem
1763 2650 1944 2700 reddite
1960 2667 1978 2715 ς
2010 2663 2165 2715 nequo
2183 2652 2449 2716 negligatis.

255 2730 382 2788 Fiet,
401 2729 559 2794 inquit
592 2730 743 2794 Crito,
762 2732 891 2796 quod
907 2731 1067 2795 jubea-
1100 2734 1183 2781 sed
1220 2734 1345 2793 vide,
1367 2732 1584 2796 nunquid
1620 2730 1748 2780 aliud
1784 2730 1916 2780 velia.
1982 2730 2103 2780 Hae
2140 2731 2445 2798 interroganti

255 2810 379 2859 nihil
402 2810 523 2859 ultra
537 2812 796 2875 respondit,
810 2813 891 2862 aed
910 2814 1054 2877 paulo
1072 2821 1180 2878 post
1193 2820 1456 2865 commotus
1477 2820 1566 2862 eat·
1631 2811 1697 2859 Et
1717 2812 1925 2861 minister
1939 2812 2121 2861 detexit
2140 2828 2247 2862 eum
2263 2829 2278 2863 ε
2301 2820 2444 2878 atque

252 2890 358 2954 ipae
380 2891 558 2939 lumina
578 2892 697 2940 fixit.
761 2892 906 2950 Quod
926 2910 1072 2959 quum
1093 2894 1224 2943 Crito
1246 2901 1474 2956 cerneret,
1496 2908 1577 2942 ora
1598 2891 1856 2956 oculosque
1877 2892 2159 2956 composuit.
2222 2892 2318 2941 Hic
2337 2893 2443 2942 finis

250 2971 346 3022 fuit
367 2971 509 3021 amici
529 2972 693 3031 nostri,
716 2989 745 3021 o
768 2972 1066 3037 Echecrates,
1086 2974 1192 3037 viri,
1211 2982 1371 3023 nostro
1406 2975 1601 3038 quidem
1633 2972 1842 3038 judicio,
1862 2972 2090 3037 omnium,
2109 2987 2227 3038 quos
2259 2972 2444 3038 experti

254 3067 438 3117 sumus,
461 3054 630 3118 optimi
653 3062 704 3103 et
723 3053 933 3120 apprime
955 3054 1288 3119 sapientissimi
1310 3065 1452 3121 atque
1466 3053 1731 3118 justisimi.

878 4352 1209 4395 Exeuntem
1245 4361 1298 4395 Α.
1321 4358 1368 4397 s.
1406 4357 1611 4410 νΑιΡτ,
1647 4361 1701 4395 Α.
1739 4357 1803 4396 η.

847 4424 957 4462 nto
998 4425 1133 4465 mou
1174 4429 1375 4484 count,
1415 4428 1588 4469 num
1627 4421 1848 4467 stater.
