2917 4975
273 457 427 537 212]
1151 450 1647 518 convlva.
2362 455 2483 516 419

280 624 565 678 germanam.
632 611 696 660 Et
718 610 756 659 sl
777 609 909 675 sequi
929 608 1088 673 decet,
1107 611 1237 676 quod
1262 611 1311 658 in
1333 610 1494 675 specle
1510 609 1775 675 pulchrum,
1793 608 2045 658 absurdum
2063 615 2138 657 est
2153 608 2345 658 credere
2359 621 2485 667 um,

281 709 391 759 quae
411 694 628 743 omnibus
650 691 922 757 corporibus
942 691 1085 754 inest,
1116 707 1214 740 aon
1236 706 1379 740 unam
1399 692 1697 754 eandemque
1715 688 2255 753 palchritudinemressc.
2323 689 2390 737 Et
2399 688 2488 753 qui

280 775 373 823 hoo
395 774 615 837 advertit,
634 774 845 823 omnium
867 772 1143 837 simpliciter
1164 771 1465 836 pulchrorum
1487 776 1733 836 corporum
1758 777 1939 819 amator
1957 771 2158 821 evadere
2167 771 2337 828 debet,
2356 784 2485 821 amo-

278 855 343 902 ris
363 862 522 903 autem
545 869 655 918 erga
676 868 823 903 uuum
841 852 1182 901 vehementiam
1206 854 1294 902 hac
1315 852 1499 901 ratione
1521 853 1757 901 remittere
1790 859 1934 916 atque
1957 851 2099 899 unius
2118 850 2326 915 speeiem
2348 851 2483 915 parvi

278 933 473 984 facem·
518 935 637 983 Post
657 935 759 983 haec
780 933 1196 998 pulchritudinem,
1217 949 1327 998 quo
1346 931 1515 982 animis
1532 932 1677 994 inest,
1696 930 1798 989 illa,
1818 946 1928 996 quo
1945 931 1997 981 in
2018 946 2234 996 corpore,-
2258 938 2485 995 prmstan⁴

281 1014 449 1063 uorem
484 1015 736 1071 existimet,
758 1015 879 1063 adeo
913 1021 968 1062 ut
996 1015 1035 1062 si
1068 1002 1174 1078 qun
1208 1014 1354 1062 animi
1387 1014 1582 1077 ingenui
1616 1014 1697 1075 sit,
1720 1012 1936 1077 quamn,
1959 1012 2108 1060 roma
2140 1012 2349 1075 eorporin
2382 1010 2487 1061 ιιῑὶι

278 1095 560 1160 quibusdam
575 1097 734 1152 cedat,
757 1095 967 1144 sufficere
988 1103 1147 1143 tamen
1168 1094 1416 1143 arbitretur
1435 1102 1487 1142 et
1515 1100 1642 1142 amet
1663 1103 1890 1157 curetque
1911 1101 1962 1141 et
1982 1093 2190 1141 rationes
2211 1092 2488 1156 hujusmodi

280 1176 432 1239 pariat
453 1185 726 1241 quaeratque
759 1190 993 1224 sermones
1026 1189 1209 1232 omnes,
1241 1175 1324 1238 qui
1359 1175 1556 1223 reddere
1593 1173 1808 1222 meliores
1828 1174 2156 1222 adolescentes
2175 1174 2393 1236 possint:
2428 1163 2496 1220 ut'

277 1256 391 1305 liin'c
413 1257 472 1303 ad
500 1256 913 1320 pulchritudinem,
932 1270 1039 1318 quse
1060 1255 1111 1301 in
1134 1254 1301 1303 officiis
1323 1268 1380 1303 ac
1422 1253 1605 1318 legibus
1627 1254 1873 1318 reperitur,
1906 1252 2247 1315 inspiciendam
2269 1252 2488 1308 ducatur,

277 1335 607 1400 intelligatque
629 1335 755 1382 illam
778 1349 965 1382 omnem
987 1333 1075 1381 sibi
1096 1333 1195 1397 ipsi
1231 1333 1509 1382 uniformem
1544 1341 1889 1397 cognatamque
1908 1333 2123 1390 existere,
2148 1339 2200 1380 ut
2230 1348 2357 1393 eam,
2377 1347 2487 1396 qum

277 1416 405 1465 circa
437 1430 609 1480 corpus
638 1423 729 1472 est,
752 1414 1148 1478 pulchritudinem
1180 1414 1313 1478 parvi
1347 1414 1511 1462 faciat.
1577 1414 1696 1465 Post
1732 1413 1887 1462 officia
1927 1411 2150 1477 legesque
2185 1413 2245 1461 ad
2268 1413 2487 1460 scientias

279 1502 504 1552 transeat,
540 1502 593 1543 ut
624 1492 922 1543 scientiarum
957 1494 1355 1556 pulchritudinem
1390 1494 1736 1559 contempletur
1756 1512 1768 1541 ε
1806 1495 2021 1559 dumque·
2053 1492 2125 1550 id,
2161 1493 2292 1556 quod
2328 1490 2488 1555 ampla

278 1578 505 1626 exuberat
520 1574 887 1639 pulchritudine,
906 1582 1176 1636 contuetur,
1196 1575 1324 1623 haud
1363 1575 1569 1639 amplius
1609 1583 1831 1640 tanquam
1867 1574 2154 1636 mancipium
2179 1573 2315 1621 unius
2338 1572 2488 1636 puelli

278 1659 488 1722 speciem
524 1656 792 1726 admiretur,
829 1671 986 1720 neque
1019 1654 1160 1704 unius
1196 1655 1399 1704 hominis
1434 1655 1509 1705 rel
1543 1654 1684 1705 oflicii
1717 1655 2070 1720 pulchritudine
2104 1654 2165 1701 sit
2200 1659 2484 1701 contentus:

278 1754 389 1786 nam
409 1736 618 1801 quisquis
639 1737 689 1784 in
712 1737 804 1784 hoc
826 1736 1079 1800 delinquit,
1103 1735 1237 1784 exilis
1267 1744 1317 1785 et
1350 1736 1564 1801 abjectus
1603 1743 1679 1785 est
1711 1752 1899 1785 servus:
1932 1750 2090 1784 rerum
2128 1735 2176 1783 in
2199 1733 2487 1798 profundum

279 1818 643 1884 pulchritudinis
663 1832 715 1866 se
737 1816 935 1882 pelagus
956 1824 1153 1880 mergat,
1177 1817 1257 1867 ubi
1279 1818 1384 1881 ipso
1404 1817 1581 1866 intuitu
1604 1817 1776 1866 multas
1797 1816 2041 1881 praeclaras
2054 1822 2199 1880 atque
2217 1812 2488 1877 magnificas

277 1900 485 1948 rationes
504 1898 934 1962 intelligentiasque
965 1898 1013 1946 in
1053 1897 1360 1961 philosophia
1397 1898 1589 1947 abunde
1623 1899 1791 1962 pariat,
1813 1899 1969 1946 donec
2002 1896 2068 1943 ibi
2103 1895 2405 1945 confirmatus
2436 1900 2489 1941 et

277 1980 521 2029 roboratus
561 1978 805 2028 scientiam
833 1978 936 2042 jam
977 1992 1118 2027 unam
1142 1979 1284 2028 talem
1305 1978 1562 2035 intucatur,
1586 1994 1694 2042 qua
1714 1977 1898 2042 pulchri
1919 1977 2025 2026 talis
2046 1976 2244 2026 exsistit.
2307 1974 2486 2023 »Aciem

276 2075 389 2108 vero
412 2075 540 2108 nunc
563 2059 732 2108 mentis
755 2074 840 2123 pro
862 2057 1036 2108 viribus
1058 2058 1250 2109 adhibe.
1318 2058 1611 2122 Quicunque
1632 2060 1877 2123 hucusque
1901 2073 1986 2122 per
2007 2055 2232 2105 amatoria
2254 2055 2485 2119 gradatim

277 2142 545 2201 deducitur,
567 2148 695 2189 recto
718 2140 885 2188 ordine
905 2139 1104 2204 pulchra
1122 2139 1340 2197 intuitus,
1355 2141 1416 2187 ad
1440 2140 1584 2187 finem
1603 2139 1703 2203 jam
1727 2139 1942 2187 amatorii
1964 2138 2165 2186 affectus
2186 2134 2490 2199 perveniens,

276 2221 434 2270 subito
458 2222 693 2285 quandam
717 2229 883 2269 natura
904 2220 1164 2269 mirabilem
1186 2220 1409 2284 inspiciet
1429 2220 1849 2283 pulchritudinem.
1915 2218 2025 2266 Hoc
2063 2218 2201 2274 illud,
2219 2215 2361 2279 cujus
2382 2229 2487 2279 gra·

276 2302 344 2350 tia
366 2302 548 2351 labores
572 2316 735 2350 omnes
757 2301 1078 2365 precedentes
1100 2300 1372 2349 subivimus.
1409 2299 1645 2363 principio
1668 2298 1859 2364 quidem
1882 2312 2068 2360 semper
2088 2303 2178 2356 est,
2211 2295 2360 2361 [211]
2394 2309 2486 2343 nec

275 2383 330 2430 fit
353 2397 442 2430 nec
457 2380 621 2429 interit
640 2398 656 2443 3
687 2396 843 2445 neque
864 2381 1033 2429 crescit
1057 2394 1264 2444 unquam
1299 2394 1456 2443 neque
1493 2379 1756 2427 decrescit:
1793 2385 2019 2442 praterea
2037 2391 2132 2423 non
2156 2377 2246 2424 hac
2266 2391 2326 2423 ex
2351 2382 2485 2438 parte

277 2462 542 2527 pulchrum,
575 2477 635 2511 ex
666 2461 746 2510 illa
786 2470 958 2525 turpe3
992 2461 1067 2510 vel
1104 2468 1205 2509 tum
1243 2460 1511 2525 pulchrum,
1537 2466 1635 2508 tum
1661 2459 1882 2508 minime:
1919 2472 2076 2522 neque
2093 2457 2156 2506 ad
2177 2450 2270 2506 boc
2289 2456 2484 2521 quidem

277 2543 546 2608 pulchrum,
565 2550 703 2608 turpe
724 2560 836 2592 vero
858 2546 919 2592 ad
939 2544 1055 2592 illud
1077 2560 1090 2591 t
1129 2542 1201 2591 vel
1226 2543 1303 2591 hic
1327 2543 1593 2607 pulchrum,
1614 2541 1683 2590 ibi
1693 2548 1849 2604 turpe,
1867 2548 1924 2589 nt
1939 2539 2219 2604 quibusdam
2237 2537 2486 2602 pulchrum

274 2624 355 2682 sit,
377 2624 660 2688 quibusdam
682 2640 792 2673 vero
827 2637 1142 2689 nequaquam.
1190 2623 1380 2687 ·Neque
1413 2639 1571 2672 rursus
1601 2622 1940 2688 imaginatione
1970 2620 2175 2685 quadam
2197 2620 2351 2682 ipsum
2376 2617 2488 2684 pul-⁴

276 2705 438 2752 chrum
473 2703 537 2753 ita
558 2705 777 2770 fingetur,
799 2706 934 2770 quasi
958 2706 1113 2753 vultus
1138 2704 1335 2770 pulcher
1355 2704 1427 2753 rel
1451 2705 1662 2767 pulchras
1685 2719 1851 2752 manus
1873 2710 1957 2752 aut
1978 2702 2106 2751 aliud
2129 2702 2378 2766 quiddam,
2399 2715 2487 2749 en·

269 2783 354 2848 jus
388 2800 561 2849 corpus
582 2785 654 2835 e‘st
677 2786 944 2850 particeps:
980 2801 1137 2849 neque
1169 2794 1223 2834 ut
1254 2785 1404 2834 oratio
1441 2786 1660 2850 quaedam
1684 2784 1755 2833 vel
1792 2784 1909 2832 ratio
1931 2791 2014 2832 aut
2034 2782 2229 2831 scientia
2252 2781 2488 2846 quiedama

276 2864 453 2930 Neque
476 2867 523 2913 in
547 2866 641 2914 alio
670 2865 831 2930 jacere
855 2867 1113 2931 putabitur,
1136 2867 1266 2915 velut
1304 2866 1353 2914 in
1389 2866 1585 2913 animali
1607 2864 1681 2912 vel
1707 2871 1824 2912 terra
1846 2864 1921 2912 vel
1946 2862 2068 2911 coelo
2091 2869 2175 2910 aut
2197 2861 2292 2908 alio
2314 2859 2489 2923 quopi-

277 2960 388 3006 ως
421 2947 502 2994 sed
528 2946 576 2994 id
598 2947 754 3010 ipsum
778 2962 865 3011 per
885 2964 935 2996 se
958 2949 1111 3011 ipsum
1145 2955 1254 2996 cum
1293 2946 1549 3009 semetipso
1583 2943 1814 2991 uniforme
1837 2957 2023 3005 semper
2043 2940 2296 2989 exsistens:
2329 2946 2488 2987 cetera

278 3043 389 3076 vero
412 3026 587 3082 omnia.
610 3042 717 3090 quae
742 3028 934 3090 pulchra
958 3035 1086 3083 sunt,
1112 3028 1242 3074 illius
1260 3025 1641 3089 -participatione
1674 3024 1890 3087 pulchra,
1914 3037 1971 3070 ea
1992 3020 2172 3070 scilicet
2192 3018 2489 3075 conditione,

278 3116 333 3157 nt
354 3108 655 3156 nascentibus
677 3114 726 3155 et
745 3108 1089 3156 intereuntibus
1110 3107 1216 3156 aliis
1233 3107 1350 3154 nihil
1376 3107 1673 3153 subtrahatur
1687 3103 1765 3152 illi
1788 3109 1873 3152 aut
1891 3103 2108 3158 addatur,
2129 3115 2285 3164 neque
2307 3097 2488 3162 passio-

276 3201 384 3237 nem
409 3186 548 3235 ullam
570 3188 791 3235 incurrat.
856 3187 1064 3245 Quando
1088 3203 1197 3235 vero
1219 3188 1278 3234 ab
1300 3186 1374 3234 his
1398 3184 1571 3249 aliquis
1593 3183 1806 3248 legitime
1826 3183 2032 3231 amando
2052 3180 2339 3237 ascendens,
2365 3177 2486 3226 illud

273 3271 431 3335 ipsum
467 3266 714 3331 pulchrum
750 3269 985 3331 suspicere
1019 3268 1209 3332 incipit,
1231 3269 1379 3316 ferme
1409 3266 1511 3330 jam
1549 3266 1690 3314 finem
1729 3264 1937 3329 attingit.
1971 3264 2064 3311 hoc
2086 3269 2159 3309 est
2185 3260 2400 3324 profecto
2421 3258 2486 3305 ad

273 3349 503 3399 amatoria
539 3357 667 3398 recte
691 3365 881 3414 pergere
903 3350 976 3398 vel
1001 3352 1061 3397 ab
1083 3350 1179 3398 alio
1201 3349 1333 3407 duci,
1355 3349 1551 3413 quande
1573 3345 1797 3395 videlicet
1819 3344 1901 3409 qui
1926 3345 1987 3392 ab
2010 3343 2083 3390 his
2106 3340 2313 3405 pulchris
2337 3338 2489 3404 gratia

276 3431 459 3495 pulchri
481 3429 610 3479 illius
631 3432 887 3479 ascendere
908 3430 1097 3495 incipit,
1119 3429 1252 3494 quasi
1273 3428 1554 3492 quibusdam
1578 3426 1799 3491 gradibus
1823 3432 1981 3482 utens,
2003 3430 2147 3487 atque
2169 3419 2230 3469 ab
2259 3435 2354 3468 uno
2378 3418 2488 3482 pri-

275 3523 403 3557 mum
426 3511 476 3558 in
499 3512 597 3559 duo
621 3511 864 3568 musicus,
888 3517 937 3559 et
958 3526 987 3557 a
1007 3511 1193 3558 duobus
1214 3509 1265 3557 in
1289 3509 1468 3563 omnia,
1486 3522 1594 3571 quai
1619 3507 1812 3570 pulchra
1846 3512 1973 3565 sunt,
1994 3516 2191 3565 corpora
2211 3517 2228 3561 3
2260 3499 2321 3547 ab
2341 3498 2415 3547 his
2435 3499 2488 3545 in

275 3590 435 3638 omnia
458 3591 609 3641 officia
634 3591 844 3657 pulchra,
866 3606 895 3639 a
919 3591 1122 3656 pulchris
1144 3591 1310 3640 officiis
1331 3592 1391 3638 ad
1416 3589 1657 3638 doctrinas
1679 3587 1897 3651 pulchras
1919 3597 2190 3636 conversus.
2212 3596 2245 3629 a
2263 3578 2491 3628 doctrinis

275 3671 486 3734 denique
508 3672 666 3720 multis
690 3673 740 3720 in
778 3672 902 3720 illam
941 3672 1202 3722 doctrinam
1229 3671 1526 3735 perveniens.
1548 3685 1657 3734 quae
1675 3683 1773 3717 non
1796 3665 1986 3715 alterius
2008 3672 2080 3712 est
2100 3676 2244 3728 quam
2261 3658 2389 3707 illius
2411 3659 2489 3721 ip-

277 3752 375 3800 sius
401 3751 582 3815 pulchri
601 3751 814 3800 doctrina
835 3768 850 3798 =
883 3759 1027 3814 atque
1064 3753 1132 3800 ita
1170 3754 1379 3809 demum,
1397 3751 1514 3816 quid
1551 3749 1720 3814 ipsum·
1749 3748 1995 3812 pulchrum
2017 3744 2098 3801 sit,
2119 3739 2488 3804 contemplatur.

276 3831 336 3881 In
361 3832 453 3881 boc
478 3831 642 3894 utique
663 3832 776 3880 vitm
796 3839 943 3889 statu,
966 3847 996 3879 o
1018 3832 1258 3894 Socrates,
1283 3832 1322 3878 si
1360 3845 1557 3893 usquam
1597 3828 1727 3885 alibi,
1749 3826 1930 3875 bomini
1954 3823 2180 3872 videlicet
2201 3821 2355 3884 ipsum
2379 3819 2492 3882 pul-

276 3914 440 3963 chrum
464 3912 702 3978 spectanti
733 3911 1004 3961 vivendum.
1038 3913 1169 3975 quod
1192 3912 1230 3959 si
1264 3912 1457 3975 quando
1481 3910 1671 3965 videris,
1696 3923 1838 3970 supra
1859 3919 2002 3970 quam
2021 3903 2119 3953 dici
2144 3902 2294 3968 possit
2315 3900 2489 3964 pretio·

279 3995 377 4044 sius
396 4009 511 4042 auro
532 3993 804 4058 ornatisque
825 3994 1034 4043 vestibus
1055 4001 1107 4042 et
1128 3992 1334 4058 pulchris
1358 3992 1516 4056 pueris
1546 3987 2022 4051 adolescentibusque
2054 3983 2288 4034 censebis.
2353 3981 2490 4038 Quos

276 4092 405 4125 nunc
425 4083 478 4124 et
497 4083 550 4123 tu
571 4081 621 4124 et
643 4075 723 4123 alii
747 4073 882 4122 multi
905 4074 1017 4122 dum
1051 4074 1296 4138 spectatis,
1317 4072 1515 4121 nimium
1549 4068 1904 4134 obstupescitis,
1927 4076 1974 4117 et
2007 4068 2045 4116 si
2081 4065 2178 4114 fieri
2203 4070 2380 4129 posset,
2401 4062 2489 4109 eli·

276 4155 450 4222 geretis
472 4155 718 4205 interillos
740 4170 925 4218 semper
947 4154 1056 4204 cibo
1078 4163 1291 4219 potuque
1313 4154 1532 4219 neglecto
1552 4152 1743 4201 versari.
1809 4150 1964 4208 Quam
2004 4148 2117 4195 felix
2151 4144 2268 4192 illud
2303 4148 2491 4204 specta·

276 4237 436 4287 culum
459 4236 559 4284 fore
583 4245 820 4299 putamus,
843 4236 887 4283 ai
907 4235 985 4284 cui
1008 4235 1276 4299 contigerit,
1301 4241 1355 4282 ut
1375 4235 1540 4298 ipsum·
1555 4233 1799 4296 pulchrum
1823 4231 2074 4280 intueatur,
2097 4224 2345 4276 sincerum,
2365 4219 2489 4267 inte-

277 4332 430 4382 mm,
451 4331 638 4380 P¹¹¹⁰¹1¹2
660 4316 875 4379 simplex,
897 4332 995 4365 non
1018 4318 1234 4365 humanis
1267 4316 1506 4375 carnibus,
1528 4314 1783 4367 coloribus,
1807 4325 1903 4357 non
1928 4307 2033 4354 aliis
2057 4301 2328 4351 mortalibus
2347 4300 2488 4363 nugis

276 4397 651 4447 contaminatum
674 4414 685 4442 :
723 4397 807 4445 sed
827 4399 985 4462 ipsum
1010 4399 1267 4446 secundum
1289 4413 1341 4445 se
1364 4397 1610 4460 pulchrum
1632 4393 1843 4441 divinum
1879 4384 2118 4449 inspiciat.
2187 4380 2317 4429 Num
2342 4379 2484 4427 vitam

280 4476 556 4541 hujusmodi
580 4477 711 4543 parvi
730 4477 847 4528 facis
871 4479 891 4526 ἶ
925 4477 1128 4528 hominis
1151 4478 1370 4530 videlicet
1394 4477 1563 4543 ipsius,
1599 4470 1746 4538 [212]
1783 4470 1868 4534 qui
1905 4467 2016 4517 illuc
2047 4462 2262 4529 auspicii»
2285 4461 2366 4527 ‘1¹¹i
2388 4468 2484 4511 (ΙΝ
