2917 4975
205 473 343 551 1¹76]
1064 461 1583 555 CHARMIDFS.
2306 463 2385 523 96

197 630 308 685 aliis·
319 626 527 681 scientiis
546 629 674 678 hanc
694 627 933 693 excipere,
952 626 1109 675 minus
1128 628 1177 675 et
1196 618 1308 689 ipsa
1326 622 1565 681 medicina
1591 636 1730 672 sanos
1762 619 1971 673 efficiet?
2002 626 2055 670 et
2074 619 2268 670 coriaria
2287 617 2389 671 cal-

196 727 305 761 ceos
326 712 476 760 ursinus
496 707 848 775 suppeditabit?
881 708 1129 771 minusque
1165 705 1365 756 textoria
1383 705 1571 754 vestes?
1606 703 1932 768 gubernatoris
1952 702 2181 751 maritima
2202 703 2389 766 pericu.

197 792 258 851 la,
299 790 512 840 militaris
548 790 664 839 belli
694 789 965 839 discrimina
1003 787 1278 844 declinabit,
1312 784 1608 850 servabitque
1649 784 1836 832 minus?
1903 783 2025 833 Car.
2057 782 2191 831 Nihil
2213 783 2385 835 minus.

199 872 281 923 So.
316 870 388 920 At
407 886 536 930 vero,
559 885 591 919 o
612 871 761 920 amice
797 868 965 934 Critia,
985 869 1170 917 sublata
1195 868 1285 917 hac
1317 867 1422 931 ipsa
1454 865 1672 922 scientia,
1714 864 1829 913 boni
1857 863 2054 922 scillcet,
2093 871 2235 929 atque
2257 865 2388 923 mali,

197 952 306 1001 nihil
327 954 494 1001 horum
516 953 641 1001 bene
663 950 896 1000 utiliterve
917 957 1098 1014 agetur.
1167 948 1288 999 Car.
1322 947 1449 997 Vera
1471 947 1699 1012 loqueris.
1764 946 1853 997 So.
1888 944 2033 994 Haud
2056 945 2175 1004 baec,
2191 953 2244 993 ιιι
2254 945 2390 994 vide-

199 1040 283 1090 tur,
304 1030 621 1097 temperantia
641 1039 730 1096 est,
749 1032 832 1081 sed
853 1047 912 1080 ea
932 1031 1069 1094 cujus
1091 1045 1211 1093 opus
1232 1036 1307 1078 est
1321 1028 1458 1077 nobis
1478 1028 1719 1091 prodesse.
1751 1041 1849 1074 non
1871 1027 1998 1074 enim
2020 1010 2317 1075 scientiarum
2337 1033 2391 1075 et

199 1114 486 1162 inscitiamm
515 1111 715 1162 scientia
736 1120 825 1168 est,
864 1113 948 1160 sed
970 1111 1083 1159 boni
1107 1110 1276 1157 malive
1304 1108 1539 1174 cognitio.
1572 1105 1793 1172 quocirca
1813 1106 1853 1155 si
1874 1106 2003 1156 utilis
2023 1106 2158 1155 nobis
2178 1114 2251 1155 est
2270 1115 2390 1156 tem·

198 1194 427 1258 perantia,
463 1194 526 1243 ad
554 1192 682 1241 aliud
715 1191 943 1257 quiddam
977 1190 1180 1241 confert.
1247 1189 1370 1239 Cur.
1407 1188 1491 1236 An
1520 1203 1619 1236 non
1654 1188 1849 1252 prodest
1880 1195 1931 1236 et
1962 1186 2108 1235 brec?
2137 1201 2307 1251 nempe
2349 1187 2391 1235 si

198 1275 496 1324 scientiarum
517 1273 717 1323 scientia
736 1281 810 1321 est
828 1271 1157 1336 temperantia,
1177 1270 1435 1333 ceterisque
1457 1268 1669 1317 scientiis
1688 1267 1927 1331 presidet,
1958 1267 2072 1315 huic
2092 1282 2282 1331 quoque
2301 1269 2392 1316 sci-

197 1356 333 1403 entiae
355 1357 540 1403 bonum
573 1352 808 1401 malumve
844 1351 1130 1400 discernenti
1159 1349 1371 1397 similiter
1397 1350 1653 1412 imperans,
1686 1347 1823 1395 nobis
1853 1346 2078 1410 proderit.
2141 1347 2224 1394 So.
2256 1346 2395 1395 Nun·

197 1436 307 1499 quid
331 1436 512 1484 bonam
534 1433 743 1497 corporis
765 1432 1085 1479 valetudinem
1124 1430 1366 1494 praestabit
1399 1430 1503 1476 haec
1537 1428 1713 1490 potius,
1749 1442 1890 1490 quam
1920 1425 2188 1475 medicina?
2221 1435 2397 1476 cetera-

197 1530 287 1579 que
309 1514 491 1563 artium
512 1514 708 1561 aliarum
736 1525 881 1574 opera
899 1512 1002 1559 haec
1026 1510 1219 1566 efficiet,
1239 1507 1439 1557 artifices
1474 1514 1632 1556 autem
1655 1505 1830 1570 singuli
1863 1522 1891 1554 a
1924 1505 2127 1570 propriis
2153 1508 2401 1557 cessabunt

196 1595 465 1659 operibus?
499 1608 561 1640 an
583 1607 681 1639 non
696 1580 981 1655 jampridem
1003 1590 1125 1638 inter
1156 1603 1243 1637 nos
1264 1588 1497 1645 constitit,
1521 1586 1877 1651 temperantiam
1895 1602 1999 1636 esse
2020 1588 2227 1637 scientim
2257 1589 2400 1640 insci-

194 1674 344 1722 tiaeve
385 1673 654 1729 scientiam,
688 1686 778 1720 nec
812 1671 951 1719 ullius
986 1671 1174 1720 alterius
1206 1669 1513 1718 facultatem?
1547 1683 1609 1716 an
1642 1684 1738 1716 non
1774 1669 1882 1716 ita?
1947 1667 2070 1717 Cur.
2097 1668 2174 1718 Ita
2209 1686 2397 1736 prorsus

198 1760 422 1820 apparet.
490 1754 576 1802 So.
609 1751 724 1800 Non
768 1767 879 1816 ergo
913 1753 1003 1801 erit
1038 1751 1200 1817 opifex
1236 1751 1464 1799 sanitatis.
1534 1750 1656 1800 Cnr.
1688 1749 1819 1798 Non.
1886 1750 1972 1799 80.
2019 1750 2226 1801 Alterius
2267 1755 2398 1804 enim

200 1836 310 1883 artis
334 1848 463 1900 opus
484 1840 558 1882 est
590 1832 739 1898 [176]
772 1833 963 1882 sanitas.
1030 1834 1151 1884 Car.
1184 1832 1395 1899 Alterius
1415 1839 1557 1881 certe.
1627 1832 1711 1881 So.
1745 1830 1916 1896 Neque
1938 1831 2153 1882 utilitatis
2171 1835 2331 1899 igitur,
2361 1853 2394 1885 0

204 1916 373 1964 amice.
439 1912 567 1961 Nam
596 1913 730 1962 alteri
763 1915 855 1963 hoc
885 1930 1005 1979 opus
1042 1915 1131 1962 arti
1151 1914 1294 1978 paulo
1316 1921 1426 1962 ante
1449 1914 1711 1962 tribuimus.
1744 1915 1943 1962 nonne?
2010 1913 2131 1966 Cur.
2164 1916 2397 1967 Maxime.

204 1996 288 2045 So.
325 1995 440 2052 Quo
462 2001 603 2058 pacto
624 1995 783 2059 itaque
806 1993 934 2043 utilis
955 1995 1092 2043 nobis
1109 1994 1419 2060 temperantia
1439 1994 1547 2050 erit,
1568 2010 1678 2043 cum
1701 1993 1914 2043 utilitatis
1927 1995 2103 2044 nullius
2117 1997 2179 2044 sit
2194 1997 2398 2046 artifex?

206 2075 328 2123 Cur.
365 2074 515 2123 Nullo
538 2077 678 2124 modo
700 2076 901 2133 videtur,
923 2092 952 2124 0
973 2077 1205 2126 Socrates.
1269 2076 1354 2125 80.
1389 2075 1624 2135 Videsne,
1647 2074 1816 2134 Critia,
1836 2092 1913 2125 me
1932 2092 2075 2141 supra
2095 2093 2195 2128 non
2224 2080 2399 2146 injuria

207 2156 435 2216 timuisse,
457 2172 624 2222 meque
647 2157 802 2220 ipsum
824 2156 1056 2221 culpasse,
1087 2157 1219 2222 quod
1237 2156 1358 2204 nihil
1392 2172 1614 2220 magnum
1647 2165 1697 2204 et
1711 2150 1829 2204 u'tile
1847 2157 1908 2204 de
1932 2162 2241 2222 temperantia
2260 2179 2399 2229 sape.

207 2238 339 2286 rem?
374 2252 616 2302 nunquam
636 2239 762 2286 enim
785 2239 913 2303 quod
935 2239 1143 2286 omnium
1170 2239 1373 2286 habetur
1405 2237 1789 2302 pulcherrimum,
1816 2236 1911 2285 hoc
1944 2236 2079 2285 nobis
2111 2243 2405 2304 apparuisset

207 2316 394 2374 inutile,
414 2318 571 2383 siquo
593 2325 734 2382 pacto
756 2320 817 2367 ad
838 2324 964 2368 recte
985 2318 1315 2383 inquirendum
1355 2317 1458 2382 ipse
1495 2317 1625 2365 utilis
1647 2332 1814 2366 essem.
1880 2315 2027 2365 Nunc
2048 2327 2206 2367 autem
2227 2324 2402 2385 passim

213 2399 576 2463 succumbimus,
609 2416 766 2464 neque
796 2399 1009 2448 invenire
1030 2401 1259 2456 valemus,
1293 2399 1356 2447 ad
1393 2397 1509 2462 quid
1533 2396 1825 2461 potissimum
1847 2396 2207 2461 significandum
2229 2409 2408 2467 tempe-

215 2481 376 2529 rantioe
397 2497 570 2529 nomen
590 2480 797 2529 instituit
815 2481 918 2544 ipse
939 2480 1183 2530 nominum
1222 2486 1418 2528 auctor:
1452 2492 1723 2543 quanquam
1744 2477 1892 2527 multa
1912 2479 2228 2530 concessimus
2247 2498 2278 2532 a
2297 2486 2409 2534 rati·

219 2576 309 2610 one
338 2569 498 2610 tamen
531 2562 721 2625 penitus
754 2558 1068 2611 abhorrentia.
1134 2560 1326 2610 Etenim
1350 2560 1564 2610 scientim
1596 2558 1839 2609 scientiam
1866 2576 1967 2609 esse
1994 2563 2315 2625 convenimus,
2336 2582 2409 2617 re-

221 2641 429 2691 luctante
451 2641 650 2701 ratione,
683 2641 830 2707 idque
862 2642 1076 2707 protinus
1099 2643 1357 2692 refellente.
1425 2642 1558 2700 Quin
1591 2641 1735 2690 etiarn
1756 2642 1846 2690 hac
1864 2641 1969 2706 ipsa
1989 2643 2186 2693 scientia
2206 2644 2410 2712 reliqua-

221 2739 318 2771 rum
340 2723 639 2772 scientiarum
658 2738 799 2788 opera
821 2724 955 2773 nosci
975 2724 1309 2782 concessimus,
1332 2723 1515 2812 ratione
1535 2721 1748 2771 similiter
1766 2732 2089 2787 repugnante:
2123 2733 2179 2772 ut
2198 2726 2268 2774 vir
2290 2735 2408 2777 tem-

223 2819 388 2868 perans
407 2805 518 2853 talis
538 2811 679 2868 esset,
700 2810 758 2852 ιιι
774 2820 882 2869 quse
902 2804 1055 2870 novit,
1086 2805 1205 2854 sciat
1230 2821 1284 2853 se
1307 2802 1459 2868 ipsum
1494 2818 1651 2863 nosse,
1685 2810 1737 2852 et
1769 2818 1877 2868 qum
1896 2819 1992 2852 non
2012 2805 2163 2863 novit,
2196 2806 2411 2870 ignorare

226 2899 381 2933 rursus
401 2884 653 2949 intelligat.
718 2884 827 2934 Hoc
851 2887 1014 2951 utique
1035 2886 1286 2951 magnifice
1315 2885 1511 2936 nimium
1543 2883 1782 2948 libereque
1810 2885 2143 2944 concessimus,
2179 2887 2307 2936 haud
2327 2890 2413 2938 ad·

226 2973 456 3014 vertentes
483 2965 772 3030 impossibile
802 2982 923 3031 esse,
955 2974 1010 3015 ut
1038 2982 1146 3031 quae
1177 2965 1310 3013 nullo
1348 2966 1492 3013 modo
1524 2965 1631 3028 quis
1654 2964 1826 3020 noscit,
1860 2972 2029 3012 noscat
2048 2966 2415 3028 quodammodo.

225 3044 282 3094 In
319 3047 412 3095 hoc
452 3052 611 3094 autem
644 3061 733 3094 nos
767 3046 1108 3102 consensimus,
1143 3044 1368 3093 videlicet
1388 3044 1594 3107 aliquem
1622 3043 1920 3106 ignorantem
1954 3043 2130 3107 aliqua,
2157 3046 2287 3108 quod
2321 3062 2418 3097 non

227 3134 485 3190 cognoscat
505 3127 608 3188 ipsa
644 3140 930 3189 cognoscere
949 3144 964 3173 ι
998 3124 1091 3172 etsi
1122 3124 1239 3171 nihil
1269 3130 1358 3181 est,
1391 3130 1448 3171 ut
1477 3137 1580 3170 rnea
1599 3122 1691 3170 fert
1721 3121 1902 3186 opinio,
1933 3124 2061 3188 quod
2095 3124 2186 3173 hoc
2206 3125 2419 3177 videatur

229 3207 489 3256 absurdius.
557 3204 895 3253 Verumtamen
926 3204 995 3253 ita
1026 3220 1118 3252 nos
1153 3204 1341 3267 ineptos
1377 3203 1537 3267 potius
1569 3216 1711 3269 qnam
1743 3204 1884 3251 duros
1926 3205 2282 3272 pertinacesqus
2316 3208 2422 3259 hoc

227 3285 477 3352 indagatio
498 3291 657 3341 nacta,
679 3283 829 3332 nihilo
850 3283 998 3348 magis
1019 3283 1258 3332 veritatem
1279 3282 1491 3333 invenire
1522 3291 1714 3348 potest:
1745 3285 1829 3332 sed
1862 3300 2014 3350 usque
2033 3286 2155 3335 adeo
2184 3303 2234 3337 se
2265 3288 2419 3354 ipsam

226 3368 382 3424 irrisit,
417 3373 473 3413 ut
493 3365 623 3430 quod
639 3364 740 3428 jam
763 3365 847 3414 diu
869 3381 957 3413 nos
977 3365 1216 3414 communi
1236 3381 1468 3414 consensu
1497 3365 1826 3423 confinximus,
1854 3374 1907 3415 et
1942 3367 2296 3432 temperantiam
2315 3386 2419 3420 esse

230 3447 494 3512 posuimus,
513 3446 605 3494 hoc
625 3445 816 3495 tandem
837 3445 1003 3495 inutile
1023 3446 1248 3512 quiddam
1267 3446 1524 3495 insolenter
1543 3454 1594 3495 et
1614 3446 1953 3498 contumelIose
1970 3447 2167 3496 nimium
2189 3465 2421 3515 apparue-

229 3530 304 3580 rit.
367 3527 479 3576 Tua
512 3526 705 3592 quidem
741 3527 789 3575 id
827 3542 969 3576 causa
1002 3527 1160 3593 potius
1195 3544 1338 3593 quam
1373 3543 1494 3586 mea,
1528 3544 1558 3575 o
1580 3526 1877 3585 Charmides,
1906 3544 2028 3593 egre
2048 3529 2167 3590 fero,
2188 3531 2231 3580 si
2252 3539 2305 3581 tu
2327 3540 2424 3581 tam

231 3609 420 3674 egregia
439 3607 604 3657 indole
625 3623 681 3657 ac
701 3609 1016 3673 temperantia
1035 3609 1179 3658 animi
1214 3609 1457 3673 preditus,
1486 3608 1605 3656 nihil
1638 3615 1771 3656 tanta
1792 3608 1962 3657 virtute
1994 3608 2189 3673 juveris,
2210 3612 2426 3678 nihilque

232 3691 332 3756 ipsa
351 3690 407 3739 in
427 3689 528 3738 vita
546 3689 634 3737 tibi
659 3690 820 3754 prosit.
886 3689 1142 3738 Molestius
1162 3705 1353 3754 quoque
1374 3690 1475 3738 fero
1496 3687 1831 3738 incantationis
1850 3690 2016 3754 gratia,
2036 3706 2178 3755 quam
2198 3707 2227 3739 a
2245 3691 2427 3742 Thrace

233 3769 314 3819 illo
334 3769 503 3829 didici,
527 3771 566 3818 si
587 3770 639 3818 in
660 3786 710 3819 re
741 3770 918 3819 nullius
948 3771 1088 3835 pretii
1116 3770 1425 3835 percipienda
1457 3777 1640 3819 tantum
1670 3772 1877 3820 studium
1898 3772 2056 3836 posui.
2123 3772 2244 3822 Haec
2264 3775 2429 3839 itaque

236 3851 301 3899 sic
321 3867 372 3900 se
394 3851 568 3899 habere
607 3851 732 3899 haud
768 3852 881 3900 satis
912 3851 1088 3902 credor
1124 3852 1266 3899 immo
1294 3852 1518 3917 ignavum
1551 3866 1655 3901 esse
1686 3868 1762 3901 me
1792 3853 2171 3917 investigatorem
2201 3854 2398 3904 arbitror
2415 3872 2431 3904 s

238 3932 416 3997 quippe
438 3931 524 3996 qui
546 3932 903 3996 temperantiam
925 3948 1148 3997 magnum
1168 3933 1410 3998 quoddam
1431 3934 1606 3982 bonum
1629 3932 1925 3994 existimem3
1955 3935 2084 3998 quod
2108 3933 2148 3983 si
2179 3934 2343 3993 habes,
2382 3943 2437 3986 ta

241 4013 429 4062 beatum
452 4027 574 4063 esse.
631 4011 809 4062 Verum
845 4012 994 4079 [176]
1029 4014 1209 4078 cogita,
1239 4021 1392 4062 utrum
1424 4014 1683 4078 possideas,
1716 4022 1768 4063 et
1797 4013 2118 4064 incantatione
2153 4030 2250 4064 non
2271 4030 2433 4081 egeas.

241 4108 347 4142 nam
370 4095 412 4143 si
433 4094 627 4159 habeas,
662 4094 749 4143 tibi
768 4093 989 4159 equidem
1012 4094 1276 4153 consulam,
1310 4103 1364 4143 ut
1385 4111 1460 4144 me
1482 4095 1681 4145 delirum
1702 4104 1859 4162 putes,
1881 4104 1932 4146 et
1952 4095 2292 4161 investiganda
2313 4096 2436 4145 veri-

243 4175 348 4224 tatis
368 4176 598 4239 impotem
622 4193 635 4223 ι
669 4181 718 4224 te
740 4191 869 4234 vero,
889 4191 987 4239 quo
1009 4191 1062 4225 es
1084 4177 1436 4242 temperantior,
1470 4194 1529 4227 eo
1550 4178 1824 4228 beatiorem.
1892 4177 1992 4227 Cn.
2022 4176 2201 4226 Nescio
2234 4191 2319 4239 per
2346 4173 2437 4223 Jo-

246 4271 364 4314 vem,
388 4271 418 4304 o
439 4254 672 4313 Socrates,
693 4263 846 4304 utrum
870 4257 1085 4315 habeam,
1107 4274 1278 4308 necne.
1311 4274 1419 4307 narn
1440 4275 1537 4325 quo
1559 4267 1701 4324 pacto
1722 4257 1842 4307 illud
1863 4257 2143 4320 intelligam,
2180 4254 2310 4317 quod
2332 4268 2437 4313 vos,

248 4342 301 4382 ut
318 4336 385 4384 ais
405 4337 526 4401 ipse,
563 4337 679 4403 quid
701 4337 763 4386 sit
782 4336 989 4387 invenire
1010 4339 1222 4388 nondum
1256 4339 1489 4403 potestis?
1555 4339 1792 4405 Equidem
1814 4338 1901 4386 tibi
1922 4353 2021 4386 non
2041 4333 2242 4382 multum
2274 4331 2439 4398 credo,

249 4414 475 4468 Socrates.
505 4417 651 4466 immo
670 4417 882 4482 indigere
904 4418 1225 4470 incantatione
1248 4435 1323 4468 me
1343 4421 1555 4479 arbitror,
1576 4428 1627 4469 et
1647 4427 1876 4485 quantum
1900 4418 1960 4465 ad
1988 4430 2065 4461 me
2096 4410 2284 4468 attinet,
2320 4411 2440 4463 nihil

249 4495 397 4545 obstat
416 4513 515 4562 quo
534 4499 689 4548 minus
709 4499 923 4564 quotidie
958 4500 1077 4550 nihil
1109 4501 1515 4552 incantationibus
1536 4499 1785 4560 medearis,
1816 4494 1975 4559 quoad
1996 4494 2099 4555 ipse
2123 4490 2235 4542 tatis
2268 4493 2443 4547 habers
