2917 4975
290 392 396 467 σε]
1226 384 1558 449 PHAEDO.
2362 393 2483 453 429

285 545 499 603 alterum,
520 543 675 594 eidem
699 558 804 592 mox
826 541 1020 591 alterum
1043 553 1231 604 quoque
1248 540 1429 595 adesse.
1498 538 1642 597 Quod
1660 539 1849 603 quidem
1873 539 1986 589 mibi
2008 542 2184 593 accidit
2203 542 2253 591 in
2276 557 2481 608 prasen-

287 625 373 673 tia.
407 625 636 690 siquidem
660 623 802 671 modo
837 637 941 671 crus
978 627 1168 684 propter
1190 619 1379 667 vincula
1409 606 1699 667 afficiebatur
1729 620 1929 682 dolore;
1962 622 2044 670 scd
2083 622 2194 672 huic
2230 625 2481 674 succedere

287 705 506 770 voluptas
527 704 631 768 jam
652 704 853 753 videtur.
922 701 1003 749 Ad
1043 702 1143 748 haec
1176 699 1347 757 Cebes,
1369 699 1464 749 Per
1492 699 1683 763 Jovem,
1703 700 1876 766 inquit,
1897 718 1927 750 o
1960 702 2191 763 Socrates,
2214 713 2482 769 opportune

289 785 405 835 mihi
424 786 477 834 id
498 784 548 833 in
566 784 834 832 memoriam
855 780 1100 831 revocasti.
1123 796 1230 828 cum
1253 780 1379 828 enim
1396 787 1618 843 poemata
1633 782 1966 845 composueris,
1980 783 2234 833 intendens
2245 799 2483 833 sermones

287 865 461 928 AEsopi
484 863 852 928 prooemiumque
873 862 922 909 in
947 860 1219 925 Apollinem
1239 876 1254 923 ;
1275 867 1373 908 tum
1396 859 1478 910 alii
1493 860 1627 909 multi
1650 877 1725 909 me
1740 861 2157 927 interrogaverunt,
2173 871 2272 913 tum
2287 864 2481 913 Evanus

286 945 526 1009 praecipue
548 953 691 1009 atque
717 943 863 1007 prius,
887 957 1093 1007 quonam
1116 940 1333 999 consilio,
1357 948 1609 1006 postquam
1642 943 1736 993 huc
1768 943 2019 1002 devenisti,
2041 944 2144 993 baec
2166 944 2350 1002 feceris,
2373 960 2481 1009 quae

286 1024 416 1089 prius
447 1025 623 1075 feceras
655 1039 915 1088 nunquam.
981 1022 1032 1070 Si
1067 1021 1212 1087 igitur
1248 1021 1335 1070 tibi
1371 1037 1497 1072 curae
1528 1033 1619 1084 est,
1657 1029 1713 1070 ut
1747 1023 1966 1086 habeam,
2002 1023 2132 1088 quod
2169 1024 2480 1088 respondeam

285 1106 469 1164 Evano,
492 1106 683 1170 quando
706 1105 870 1154 iterum
892 1120 949 1154 ex
975 1118 1049 1150 me
1080 1101 1335 1166 quesierit,
1358 1103 1487 1167 quod
1523 1110 1650 1151 certo
1672 1103 1769 1151 scio
1804 1103 1957 1166 ipsum
1980 1119 2082 1152 esse
2103 1103 2365 1166 facturum3
2399 1103 2479 1153 dic

286 1201 466 1249 queso,
486 1186 604 1250 quid
643 1185 714 1233 illi
741 1185 804 1233 sit
835 1183 1235 1247 respondendum.
1302 1180 1448 1239 Vera,
1473 1182 1644 1246 inquit,
1681 1198 1713 1230 o
1729 1182 1905 1247 Cebes,
1926 1183 2173 1246 responde,
2196 1199 2272 1231 me
2292 1184 2342 1232 id
2364 1185 2480 1233 effe·

279 1264 419 1328 cisse,
441 1281 538 1317 non
559 1274 615 1313 ut
635 1264 708 1313 vel
731 1263 820 1312 sibi
841 1263 1121 1327 gratificarer
1140 1261 1215 1310 vel
1238 1276 1347 1310 curn
1368 1261 1466 1310 suis
1479 1262 1762 1310 carminibus
1774 1262 2090 1311 decertarem:
2126 1263 2331 1312 sciebam
2351 1264 2479 1313 enim

281 1345 424 1393 facile
444 1344 495 1392 id
514 1360 611 1395 non
643 1360 746 1393 esse
767 1361 779 1390 ε
816 1358 974 1391 verum
1010 1350 1065 1391 ut
1095 1342 1329 1390 insomnia
1360 1342 1576 1405 quaedarn
1610 1342 1856 1406 experirer,
1879 1358 1954 1391 me
1975 1342 2112 1391 simul
2131 1344 2344 1407 expians,
2366 1359 2478 1392 num

277 1425 402 1473 forte
424 1425 527 1473 haic
548 1424 613 1472 sit
631 1439 691 1472 ea
712 1422 910 1480 musica,
933 1437 1073 1486 quam
1097 1422 1271 1486 sapius
1281 1420 1385 1484 jam
1408 1437 1623 1470 exercere
1642 1437 1717 1470 me
1732 1422 1925 1485 jubent.
1990 1421 2115 1471 Nam
2139 1423 2405 1487 frequenter
2427 1423 2479 1472 in

280 1504 509 1567 superiori
528 1513 738 1567 tempore
760 1502 1043 1551 insomnium
1065 1502 1211 1560 idem,
1234 1502 1348 1551 licet
1378 1502 1471 1550 alia
1505 1511 1647 1566 atque
1681 1501 1773 1551 alia
1804 1503 1952 1551 forma
1988 1518 2092 1552 sese
2123 1504 2237 1552 mihi
2259 1503 2480 1562 offerens,

278 1583 448 1633 eadem
471 1599 656 1647 semper
677 1583 742 1631 ita
765 1583 1006 1646 pmcepit,
1030 1581 1142 1645 Fac,
1165 1597 1195 1631 o
1233 1583 1466 1641 Socrates,
1489 1582 1732 1645 musicam,
1754 1592 1897 1646 atque
1930 1600 2110 1634 exerce.
2175 1583 2281 1649 Ego
2317 1584 2479 1650 igitur,

276 1666 408 1729 quod
432 1665 479 1712 iu
503 1664 729 1729 superiori
751 1673 958 1728 tempore
973 1663 1221 1725 faciebam,
1241 1662 1355 1727 [61]
1377 1666 1470 1712 boc
1493 1663 1607 1711 mibi
1631 1673 1918 1729 pmceptum
1931 1665 2217 1715 arbitrabar:
2241 1675 2291 1714 et
2307 1681 2474 1729 quem-

282 1746 538 1794 admodum
576 1752 813 1794 curreutes
849 1744 1084 1792 adhortari
1123 1744 1346 1806 solemus,
1368 1744 1452 1801 sic,
1472 1744 1601 1808 quod
1623 1743 1727 1809 ipse
1746 1753 1887 1793 antea
1906 1745 2151 1804 faciebam,
2175 1746 2237 1793 ad
2259 1745 2386 1804 idem
2402 1762 2477 1795 me

278 1824 561 1873 insomnium
583 1824 814 1873 cohortari
838 1824 1060 1886 putabam
1080 1840 1096 1884 3
1128 1823 1262 1886 quasi
1278 1823 1584 1889 philosophia
1601 1825 1801 1873 maxima
1821 1825 1999 1874 musica
2015 1825 2151 1876 foret.
2217 1825 2475 1892 Postquam

286 1920 396 1953 vero
432 1904 560 1954 facto
589 1904 691 1968 jam
732 1905 792 1952 de
830 1920 905 1953 me
933 1903 1120 1967 judicio
1145 1904 1262 1953 mori
1294 1919 1367 1953 me
1402 1904 1587 1952 interim
1624 1905 1718 1955 Dei
1750 1904 1978 1955 festivitas
2013 1907 2276 1956 inhiberet:
2309 1908 2476 1957 censui

279 1992 517 2048 oportere,
535 1985 575 2033 si
596 1985 715 2033 forte
735 1984 1018 2032 insomnium
1042 1982 1215 2033 totiens
1241 1983 1413 2048 jubeat
1432 1985 1709 2049 popularem
1731 1986 1854 2035 hanc
1876 1988 2100 2037 musicam
2121 2003 2353 2046 exercere,
2374 2004 2475 2037 non

280 2065 519 2129 negligere
540 2063 644 2127 ejus
667 2071 975 2128 preceptum.
1037 2064 1206 2113 Tutius
1226 2065 1353 2113 euim
1374 2065 1475 2114 sore
1507 2066 1755 2115 arbitratus
1791 2083 1913 2124 sum,
1934 2075 2187 2134 antequam
2217 2085 2245 2116 e
2267 2069 2365 2118 vita
2386 2068 2473 2116 mi-

280 2161 475 2209 grarem,
489 2145 676 2208 expiare
696 2146 903 2194 animum
926 2152 1087 2209 atque,
1111 2152 1165 2192 ut
1186 2153 1347 2195 monet
1364 2146 1665 2203 insomnium,
1682 2155 1901 2209 poemata
1916 2138 2086 2197 facere.
2155 2150 2475 2204 Quamobrem

277 2226 429 2290 primo
451 2226 670 2289 equidem
688 2224 841 2274 cecini
858 2241 966 2273 eum
986 2225 1158 2287 ipsum,
1176 2225 1312 2288 cujus
1328 2232 1440 2273 tunc
1455 2241 1586 2274 saera
1602 2226 1955 2275 celebrabantur
1976 2245 1988 2274 =
2013 2235 2156 2292 atque
2172 2236 2279 2290 post
2294 2227 2474 2284 Deum,

273 2305 499 2371 judicans
521 2314 738 2369 oportere
759 2320 887 2368 eum,
905 2305 990 2367 qui
1012 2312 1157 2368 poeta
1188 2304 1372 2352 futurus
1403 2305 1485 2368 sit,
1505 2320 1602 2353 non
1623 2321 1858 2354 sermones
1890 2308 1973 2353 sed
2006 2307 2190 2355 fabulas
2209 2307 2383 2373 facere,
2397 2323 2476 2357 mc

280 2401 392 2434 vero
415 2400 511 2433 non
535 2400 643 2434 esse
665 2385 995 2441 fabulatorem,
1019 2384 1268 2433 nonnullae
1298 2400 1356 2432 ex
1388 2384 1561 2433 sabulis
1600 2384 1791 2448 AEsopi,
1813 2401 1930 2450 quas
1963 2386 2185 2443 sciebam,
2209 2387 2472 2451 promptio-

280 2482 447 2531 resque
467 2466 717 2531 habebam,
731 2473 785 2514 ut
807 2466 855 2514 in
868 2480 1103 2531 quamque
1123 2466 1251 2531 prius
1264 2465 1433 2524 incidi,
1451 2465 1723 2515 modulatus
1744 2481 1865 2516 sum.
1932 2465 2050 2515 Haec
2066 2466 2222 2531 igitur,
2244 2482 2273 2515 o
2296 2467 2471 2530 Cebes,

273 2549 397 2598 refer
417 2547 607 2596 Evano:
643 2554 694 2594 et
717 2547 870 2596 valere
884 2548 1022 2612 jube,
1046 2553 1190 2611 atque
1211 2547 1424 2603 consule,
1449 2555 1502 2595 ut
1533 2547 1573 2595 si
1609 2548 1754 2611 probe
1786 2546 1930 2612 sapit,
1952 2563 2025 2596 me
2048 2555 2284 2612 sequatur.
2319 2548 2470 2611 migro

275 2629 404 2679 enim
420 2630 533 2679 hinc
556 2627 717 2677 hodie.
750 2627 817 2676 sic
840 2629 966 2677 enim
991 2627 1307 2677 Athenienses
1332 2627 1526 2692 jubent.
1591 2627 1727 2677 Tunc
1759 2629 1991 2686 Simmias,
2022 2628 2178 2687 Quale
2201 2629 2249 2677 id
2281 2636 2373 2688 est,
2396 2629 2469 2676 in-

275 2709 399 2773 quit,
419 2725 449 2757 o
471 2709 707 2772 Socrates,
724 2709 852 2772 quod
876 2708 1044 2758 Evauo
1064 2710 1261 2757 mandas
1280 2710 1297 2756 ?
1331 2724 1458 2773 saepe
1480 2708 1672 2774 quidem
1694 2725 1803 2760 cum
1836 2709 1918 2759 illo
1941 2710 2009 2758 fui
2030 2727 2042 2758 ι
2077 2716 2128 2758 et
2154 2718 2381 2775 quantum
2404 2710 2467 2758 de

274 2791 358 2839 illo
378 2789 549 2846 sentio,
570 2788 703 2840 nullo
724 2805 861 2853 paeue
883 2790 1025 2839 modo
1046 2791 1197 2840 libens
1213 2790 1294 2839 ille
1310 2791 1396 2839 tibi
1417 2791 1612 2856 parebit.
1678 2791 1763 2840 So.
1799 2791 1930 2849 Quid
1956 2792 2097 2856 vero?
2133 2806 2290 2839 nonne
2313 2789 2472 2854 philo-

276 2871 453 2933 sophus
474 2878 547 2918 est
565 2868 794 2925 Evanus?
862 2871 983 2924 Sur.
1017 2871 1145 2922 Mihi
1181 2871 1371 2936 quide-m
1395 2872 1597 2919 videtur.
1664 2871 1745 2919 So.
1783 2871 1923 2918 Volet
1955 2870 2097 2933 igitur
2124 2879 2175 2918 et
2210 2869 2401 2917 Evauus
2422 2877 2472 2917 et

278 2951 448 3007 omnis,
469 2952 740 3015 quicunque
773 2952 917 3014 hujus
936 2952 1004 3000 rei
1024 2952 1168 3015 digne
1189 2958 1262 3000 est
1284 2953 1540 3014 particeps.
1604 2949 1718 2998 Non
1739 2957 1895 2998 tamen
1917 2951 2036 2998 forte
2057 2948 2146 2997 sibi
2169 2950 2263 2998 vim
2285 2948 2473 2997 inferet·

278 3045 376 3078 non
398 3031 525 3079 enim
547 3030 617 3079 fas
639 3047 743 3080 esse
770 3032 922 3080 aiunt.
989 3030 1053 3078 Et
1090 3030 1229 3079 simul
1252 3032 1354 3084 hec
1375 3030 1558 3087 dicens,
1580 3043 1712 3078 crura
1744 3044 1772 3077 c
1802 3029 1972 3078 lectica
1991 3029 2180 3077 demisit
2199 3029 2248 3077 in
2271 3038 2436 3077 terram
2456 3046 2474 3088 ς

274 3119 419 3174 atque
441 3110 508 3158 ita
527 3111 697 3158 sedens
718 3111 944 3174 deinceps
968 3111 1146 3175 reliqua
1166 3111 1444 3174 disputavit.
1512 3109 1745 3169 Quaesivit
1782 3109 1925 3173 igitur
1956 3110 2016 3157 ab
2048 3126 2107 3158 eo
2142 3109 2312 3166 Cebes,
2335 3108 2470 3166 Quo-

273 3206 385 3238 nam
406 3189 455 3236 id
480 3190 619 3237 modo
641 3190 729 3246 ais,
751 3206 780 3237 o
801 3190 1046 3239 Socrates?
1080 3191 1152 3239 sas
1188 3190 1379 3254 quidem
1412 3206 1509 3238 uon
1546 3206 1647 3239 esse
1668 3191 1876 3255 seipsum
1896 3189 2102 3250 violare3
2133 3188 2468 3253 philosophum

280 3277 438 3318 tamen
460 3276 625 3333 optare
647 3270 919 3319 morientem
943 3271 1113 3335 sequi?
1180 3271 1262 3320 So.
1295 3270 1389 3319 Sed
1413 3271 1509 3329 dic,
1533 3287 1562 3320 o
1586 3271 1756 3328 Cebes,
1775 3286 1933 3320 nonne
1956 3277 2006 3318 tu
2025 3269 2335 3334 Simmiasque
2357 3269 2472 3319 talia

272 3350 492 3413 quredam
514 3350 757 3399 audivistis
779 3367 809 3399 a
829 3351 1066 3410 Philolao,
1089 3368 1184 3415 quo
1209 3350 1496 3400 familiariter
1516 3351 1814 3400 utebamini?
1882 3350 1974 3400 Cn.
2008 3350 2254 3399 Manifesti
2278 3350 2470 3415 quidem

273 3430 414 3491 nihil,
436 3446 467 3478 o
488 3429 718 3480 Socrates.
787 3431 871 3480 So.
908 3432 1061 3495 Atqui
1093 3449 1181 3496 ego
1215 3448 1406 3496 quoque
1439 3432 1501 3480 de
1533 3431 1607 3480 his
1645 3433 1780 3480 rebus
1812 3447 1870 3480 ex
1906 3432 2072 3479 auditu
2097 3432 2276 3495 loquor.
2344 3432 2468 3489 Quae

274 3511 417 3575 igitur
436 3510 555 3560 forte
576 3512 680 3576 ipse
700 3513 878 3571 audivi,
902 3514 1068 3562 referre
1089 3513 1221 3561 vobis
1243 3513 1374 3561 nulla
1395 3513 1576 3561 invidia
1611 3512 1896 3577 prohibebit.
1928 3509 2103 3561 etenim
2125 3511 2244 3560 sorte
2268 3512 2467 3562 maxime

270 3592 428 3653 decet,
452 3591 533 3640 illo
556 3592 854 3655 migraturum
877 3595 1190 3651 considerare,
1212 3603 1359 3656 atquo
1376 3594 1611 3657 effingere,
1636 3591 1787 3657 qualis
1808 3593 1909 3641 fore
1933 3594 2142 3656 putanda
2164 3593 2227 3640 sit
2246 3594 2347 3641 haec
2364 3593 2469 3656 ipsa

274 3671 508 3733 migratio.
542 3673 655 3734 quid
694 3672 818 3720 enim
858 3673 985 3721 aliud
1022 3689 1169 3736 usque
1206 3674 1267 3721 ad
1303 3672 1414 3721 solis
1447 3688 1666 3720 occasum
1702 3671 1809 3735 quis
1841 3672 2017 3722 faciat?
2086 3672 2180 3721 Cn.
2215 3672 2371 3732 Quam
2405 3672 2470 3719 ob

272 3766 483 3813 cauum,
506 3767 535 3796 o
557 3752 788 3807 Socrates,
814 3752 942 3800 nefas
964 3768 1064 3800 esse
1081 3754 1233 3815 aiunt,
1253 3752 1438 3800 sibimet
1472 3768 1634 3801 manus
1659 3752 1856 3800 inferre?
1883 3752 1985 3815 jam
2006 3751 2151 3809 enim,
2173 3752 2300 3815 quod
2323 3752 2467 3800 modo

273 3831 533 3895 quaerebas,
554 3846 644 3892 ego
678 3846 705 3877 a
740 3830 955 3878 Philoleo
987 3832 1164 3889 audivi,
1185 3847 1292 3881 cum
1327 3834 1455 3895 apud
1491 3848 1580 3880 nos
1612 3835 1949 3896 observaretur,
1969 3842 2020 3880 et
2051 3833 2109 3880 ab
2146 3833 2251 3881 aliis
2272 3832 2465 3897 iusuper

272 3911 533 3972 nonnullis,
556 3926 651 3958 non
675 3911 842 3958 decere
865 3911 913 3957 id
938 3910 1118 3960 facere:
1153 3921 1365 3976 apertum
1392 3921 1548 3960 tamen
1572 3914 1659 3961 hac
1681 3914 1742 3961 de
1765 3927 1811 3960 re
1835 3912 2085 3977 quicquam
2102 3913 2291 3961 nihilab
2306 3914 2464 3978 aliquo

273 4007 477 4055 unquam
500 3990 678 4039 audivi.
711 3989 826 4056 [62]
862 3990 948 4039 So.
980 3992 1073 4040 Sed
1098 3990 1359 4040 attentione
1375 3990 1476 4055 jam
1499 4008 1620 4057 opus
1642 4001 1729 4041 est.
1763 4008 1871 4042 nam
1895 4002 1946 4042 et
1965 3995 2006 4042 si
2027 3995 2278 4058 audiveris,
2298 3996 2463 4042 mirum

271 4081 431 4121 tamen
452 4073 572 4121 sorte
593 4071 743 4121 videri
767 4073 933 4136 possit,
954 4072 992 4120 si
1025 4074 1116 4121 hoc
1149 4071 1298 4120 solum
1332 4089 1388 4121 ex
1424 4072 1529 4120 aliis
1561 4074 1775 4123 omnibus
1813 4075 2011 4141 simplex
2033 4076 2099 4124 sit
2117 4094 2132 4136 ;
2167 4090 2254 4123 nec
2277 4072 2463 4122 accidat

270 4167 479 4217 unquam
500 4153 697 4209 homini,
719 4154 1113 4218 quemadmodum
1151 4161 1324 4213 cetera,
1346 4157 1539 4219 quando
1577 4163 1628 4204 et
1658 4156 1936 4220 quibusdam
1971 4157 2137 4205 melius
2169 4155 2282 4201 mori
2318 4167 2460 4215 quam

272 4234 446 4283 rivere.
478 4232 637 4296 itaque
657 4234 821 4281 mirum
846 4235 928 4283 tibi
950 4236 1070 4284 forte
1091 4235 1341 4293 videbitur,
1364 4236 1406 4285 si
1428 4236 1517 4292 his,
1539 4235 1710 4299 quibus
1734 4245 1921 4300 praestat
1942 4235 2074 4289 mori,
2107 4248 2204 4279 nou
2227 4231 2367 4279 liccat
2398 4232 2464 4279 si-

272 4316 419 4362 bimet
444 4314 685 4376 prodesse,
710 4313 792 4360 sed
815 4315 957 4362 alium
981 4323 1195 4377 oporteat
1214 4324 1504 4379 exspectare,
1527 4317 1608 4379 qui
1635 4317 1797 4381 prosit.
1860 4315 1994 4362 Tunc
2035 4312 2190 4360 Cebes
2219 4310 2463 4359 subridens

272 4393 601 4445 Thebanorum
626 4409 773 4458 more,
790 4393 915 4444 Proh
953 4394 983 4444 J
989 4394 1188 4460 uppiter,
1223 4395 1391 4459 inquit.
1457 4397 1537 4444 So.
1575 4395 1724 4460 Atqui
1748 4394 1892 4442 videri
1929 4390 2120 4456 quidem
2146 4397 2298 4453 potest
2322 4388 2370 4440 id
2395 4390 2461 4441 sic
