2917 4975
585 439 711 505 250
1492 427 1897 489 PLATOMS
2636 429 2792 506 [175

578 597 851 647 universum
873 588 1128 656 pertinent,
1151 584 1223 635 his
1258 592 1565 648 auremque
1598 598 1747 649 prope
1777 589 1906 640 sunt,
1938 580 2050 631 solis
2084 581 2216 631 nullo
2253 579 2396 630 modo
2427 581 2677 646 applicans
2709 598 2784 633 se.

577 675 745 725 Tuto.
779 673 889 731 Quo
914 680 1056 736 pacto
1077 668 1129 717 id
1152 667 1239 725 ais,
1261 684 1291 716 ο
1312 665 1560 716 Socrates?
1625 665 1712 713 So.
1744 663 2161 722 Quemadmodum
2189 661 2456 720 Thaletem,
2473 661 2591 711 dum
2611 663 2785 712 coelum

579 755 841 823 suspiceret
860 754 1070 803 intentus
1091 748 1341 805 sideribus,
1358 747 1411 794 in
1442 746 1627 794 foveam
1658 745 1906 793 cadentem
1945 743 2223 792 Thraceusis
2242 743 2459 807 quadam
2482 741 2590 806 ejus
2611 743 2787 792 ancilla

575 838 732 887 facete
768 833 971 882 nimium
998 831 1193 895 carpsit,
1214 828 1345 894 quod
1382 840 1490 890 quoe
1524 826 1575 873 in
1612 824 1733 874 ctelo
1754 832 1883 882 sunt,
1906 824 2148 888 pervidere
2168 825 2508 885 contenderet;
2539 838 2652 886 qum
2675 840 2783 873 vem

577 916 790 982 proxima
821 914 966 963 et-ad
1002 913 1165 977 pedes,
1199 924 1301 979 non
1322 907 1519 955 videret.
1585 904 1722 952 Idem
1762 903 1976 953 similiter
2005 903 2241 959 omnibus,
2274 905 2356 967 qni
2387 902 2438 951 in
2475 904 2782 968 philosophia

582 1003 841 1052 versantur,
865 991 1010 1056 objici
1033 996 1209 1055 potest.
1246 988 1362 1037 latet
1381 986 1507 1035 enim
1531 984 1863 1048 philosophum
1882 998 1978 1031 non
1996 985 2137 1031 modo
2150 984 2267 1047 quid
2282 991 2393 1046 agat
2407 983 2514 1048 ejus
2528 984 2783 1048 proximus,

575 1080 663 1130 sed
684 1080 781 1127 fere
801 1078 1007 1124 homone
1028 1071 1092 1121 sit
1112 1086 1174 1119 an
1197 1071 1400 1118 brutum.
1433 1066 1550 1130 quid
1567 1072 1724 1114 autem
1747 1065 1889 1112 homo
1911 1062 2017 1127 ipse
2037 1064 2115 1120 sit,
2129 1072 2180 1112 et
2196 1079 2362 1127 quaeve
2376 1064 2503 1112 actio
2524 1072 2610 1112 aut
2629 1065 2783 1127 passio

579 1157 733 1223 ipsius
752 1153 957 1204 hominis
979 1150 1186 1217 propria,
1208 1148 1418 1197 studiose
1441 1144 1684 1209 perquirit.
1753 1143 2006 1207 Intelligis,
2023 1160 2052 1192 ο
2072 1143 2341 1201 Theodore,
2363 1159 2427 1192 an
2447 1144 2583 1192 non?
2616 1144 2780 1195 Tuto.

575 1237 804 1301 Intelligo
828 1234 1139 1300 equidem,let
1159 1230 1288 1294 quod
1312 1227 1451 1285 dicis,
1474 1226 1704 1289 approbo.
1771 1225 1855 1272 So.
1887 1224 2159 1282 Enimvero,
2183 1242 2212 1272 o
2235 1224 2403 1280 amice,
2426 1223 2550 1273 utin
2573 1223 2783 1288 superio·

576 1320 709 1369 ribus
728 1316 950 1370 diximus,
990 1313 1029 1361 si
1063 1312 1256 1376 quando
1280 1309 1348 1356 vir
1387 1306 1496 1355 talis
1520 1305 1592 1354 vel
1637 1303 1850 1369 privatim
1882 1321 1990 1353 cum
2024 1305 2183 1368 aliquo
2205 1305 2279 1353 vel
2316 1305 2504 1368 publice
2526 1303 2781 1369 injudicio

576 1399 676 1449 slve
698 1396 811 1447 alibi
832 1396 895 1443 de
918 1393 1008 1450 his,
1033 1406 1141 1457 qum
1164 1391 1225 1437 ad
1249 1387 1396 1452 pedes
1416 1393 1467 1434 et
1488 1384 1537 1433 in
1560 1391 1819 1448 conspectu
1844 1391 1971 1442 sunt,
1987 1385 2211 1433 disserere
2228 1386 2432 1449 cogitur,
2448 1385 2593 1434 risum
2605 1394 2780 1443 movet,

575 1495 676 1529 non
693 1475 957 1527 Thracibus
979 1473 1148 1527 solum,
1171 1485 1331 1518 verum
1362 1466 1507 1516 etiam
1545 1465 1714 1514 ceteris
1752 1464 1990 1528 gentibus,
2010 1465 2191 1530 quippe
2224 1482 2331 1514 cum
2367 1465 2417 1513 in
2439 1466 2604 1514 foveas
2634 1466 2779 1514 ambi·

575 1560 874 1625 gnitatesque
897 1553 1065 1602 multas
1087 1557 1281 1616 propter
1302 1549 1466 1595 barum
1487 1561 1637 1595 rerum
1662 1545 1938 1608 imperitiam
1962 1545 2157 1594 incidat.
2221 1545 2317 1593 Ubi
2339 1546 2542 1594 absurda
2563 1546 2778 1609 quadam

576 1638 850 1702 ineptitudo
872 1634 1074 1698 ignaviae
1097 1638 1257 1679 notam
1291 1629 1454 1676 inurit.
1522 1626 1649 1675 Nam
1684 1641 1791 1674 cum
1824 1626 1942 1673 forte
1967 1625 2303 1689 vituperandus
2334 1626 2509 1689 aliquis
2537 1634 2632 1682 est,
2663 1624 2776 1673 nibil

576 1720 740 1773 habet,
777 1715 906 1780 quod
928 1715 981 1761 in
1004 1709 1306 1775 opprobrium
1329 1708 1515 1766 afferat,
1537 1714 1701 1770 utpote
1722 1705 1946 1753 malorum
1967 1706 2174 1770 ignarus,
2191 1706 2579 1769 quandoquidem
2601 1705 2779 1770 singula

583 1796 876 1860 singulorum
905 1793 1030 1841 mala
1066 1805 1308 1852 uunquam
1348 1786 1696 1836 animadvertit.
1731 1801 1842 1849 ergo
1876 1793 2097 1849 tanquam
2132 1786 2316 1834 nescius
2337 1785 2571 1836 irridetur.
2603 1785 2657 1833 in
2682 1786 2777 1833 lau·

576 1875 750 1926 dandis
769 1888 962 1940 quoque
984 1869 1362 1933 extollendisque
1383 1867 1666 1924 hominibus,
1685 1881 1793 1914 cum
1817 1865 1933 1913 nihil
1959 1866 2146 1914 simulet
2164 1866 2500 1924 dissimuletve,
2517 1867 2605 1914 sed
2621 1874 2780 1930 aperte

573 1956 743 2006 rideat.
774 1954 950 2004 delirus
971 1968 1073 2001 esse
1096 1951 1294 1999 videtur.
1364 1947 1555 1996 Etenim
1577 1963 1685 1996 cum
1709 1955 1958 2011 tyrannum
1973 1955 2057 1995 aut
2071 1963 2228 2011 regem
2244 1946 2424 1995 laudari
2443 1948 2613 2008 sentit,
2638 1962 2780 1994 unum

576 2036 817 2102 quendam
858 2032 1104 2082 subulcum
1144 2037 1227 2076 aut
1264 2036 1499 2091 pastorem
1537 2027 1696 2074 ovium
1741 2026 1814 2074 vel
1854 2026 2110 2076 bubulcum
2152 2026 2315 2076 extolli
2354 2027 2611 2084 existimat,
2652 2027 2780 2091 quod

577 2117 771 2168 abunde
809 2113 1036 2178 mulgeat.
1070 2111 1121 2159 id
1157 2118 1314 2158 tamen
1348 2108 1573 2157 interesse
1603 2116 1782 2163 censet,
1816 2109 1945 2171 quod
1982 2124 2112 2171 reges
2151 2114 2201 2157 et
2233 2108 2424 2175 tyranni
2461 2106 2696 2156 infensius
2732 2116 2779 2156 et

574 2196 853 2248 insidiosius
875 2193 1048 2243 animal
1087 2200 1254 2243 curent
1291 2197 1343 2240 et
1373 2189 1633 2255 mulgeant.
1667 2196 1894 2253 agrestem
1917 2204 2025 2237 vero
2047 2197 2097 2237 et
2117 2190 2279 2239 rudem
2302 2189 2365 2237 ob
2387 2204 2518 2238 suam
2540 2189 2778 2254 quandam

576 2279 941 2343 occupationem
978 2291 1076 2325 non
1115 2274 1268 2323 miuus
1287 2288 1428 2338 quam
1453 2280 1684 2336 pastorem
1705 2268 1941 2334 ejusmodi
1958 2270 2195 2320 hominem
2216 2286 2319 2319 esse
2340 2285 2530 2318 necesse
2552 2278 2645 2326 est,
2670 2285 2778 2317 moe-

578 2361 720 2410 nibus
740 2361 792 2408 in
816 2360 931 2408 urbe
952 2373 1049 2405 non
1086 2371 1223 2405 secus
1259 2363 1404 2419 atque
1444 2361 1603 2417 pastor
1642 2358 1780 2415 septo
1820 2351 1872 2398 in
1908 2358 2066 2399 monte
2099 2350 2455 2399 circumdatum.
2522 2349 2651 2398 Cum
2676 2364 2777 2398 vem

576 2457 794 2506 agrorum
833 2441 996 2490 decem
1044 2437 1189 2486 millia
1240 2434 1410 2502 jugera
1445 2441 1530 2482 aut
1569 2433 1702 2499 plura
1738 2431 1880 2480 etiam
1913 2430 2156 2496 praedicari
2186 2431 2338 2490 audit,
2380 2430 2515 2495 quasi
2554 2445 2774 2496 magnum

573 2522 823 2585 quippiam
844 2521 904 2568 ab
927 2520 1030 2580 illo,
1050 2519 1132 2581 qui
1156 2518 1318 2577 habet,
1341 2517 1655 2580 possideatur,
1678 2514 1848 2577 exigua
1880 2514 2098 2576 quaedam
2131 2514 2295 2561 audire
2332 2529 2383 2562 se
2417 2520 2574 2576 putat,
2599 2513 2777 2576 quippe

575 2601 660 2665 qui
681 2600 948 2649 universum
973 2603 1105 2646 terrm
1144 2597 1304 2645 orbem
1337 2603 1550 2659 spectare
1583 2596 1647 2642 sit
1681 2595 1863 2643 solitus.
1932 2594 2168 2651 Quotiens
2206 2601 2430 2657 praterea
2462 2594 2572 2657 quis
2595 2591 2778 2657 generis

574 2680 874 2730 nobilitatem
897 2679 1052 2736 refert,
1073 2677 1204 2740 quod
1225 2683 1406 2738 septem
1430 2690 1543 2723 avos
1565 2674 1737 2723 divites
1758 2690 1922 2723 omnes
1955 2690 2226 2723 enumerare
2247 2674 2418 2731 valeat,
2449 2672 2598 2737 [1⁷5]
2635 2674 2775 2721 hebe-

573 2760 638 2809 tis
656 2758 869 2823 nihilque
894 2773 1113 2821 magnum
1139 2763 1331 2819 propter
1352 2755 1664 2819 ignorantiam
1685 2754 1938 2818 cogitantis
1961 2754 2104 2802 animi
2122 2755 2285 2810 laudes
2307 2751 2584 2819 hujusmodi
2599 2760 2776 2807 censet.

576 2840 714 2906 quasi
736 2840 797 2887 ad
825 2837 968 2887 totius
986 2837 1153 2885 mundi
1174 2844 1387 2884 naturam
1410 2836 1639 2899 respicere
1674 2844 1899 2899 nequeat,
1920 2842 1972 2884 et
1999 2836 2179 2891 videre,
2199 2836 2329 2899 quod
2354 2834 2587 2884 innumeri
2612 2849 2776 2882 unum·

574 2936 816 2986 quemque
854 2926 1061 2968 nostrum
1099 2917 1175 2966 avi
1213 2926 1358 2980 atque
1393 2917 1559 2981 proavi
1598 2925 1964 2972 antecesserunt,
1988 2932 2185 2980 quorum
2214 2917 2264 2963 in
2297 2931 2492 2964 numero
2525 2914 2698 2963 divites
2730 2921 2780 2961 et

575 3002 766 3067 inopes,
803 3017 934 3065 reges
970 3008 1020 3049 et
1055 2999 1191 3055 servi,
1224 2998 1518 3062 Barbarique
1556 3005 1605 3046 et
1643 2996 1797 3046 Gmci
1835 2996 2046 3060 singulos
2085 2996 2445 3045 innumerabiles
2484 3009 2779 3060 proecesscre.

574 3083 707 3141 Quin
731 3083 874 3131 etiam
894 3083 1089 3146 quando
1104 3078 1212 3145 quis
1234 3080 1424 3144 stirpem
1447 3079 1660 3143 quinque
1690 3087 1741 3127 et
1759 3077 1927 3142 viginti
1959 3077 2187 3141 majorum
2210 3077 2493 3142 dinumerat,
2515 3085 2567 3125 et
2588 3076 2639 3123 in
2659 3075 2774 3123 Am-

576 3163 934 3228 phitryouidem
951 3161 1204 3210 Herculem
1222 3160 1448 3224 originem
1468 3159 1625 3223 refert,
1646 3166 1771 3209 certe
1787 3175 1894 3207 eum
1915 3157 2108 3223 quintus
2121 3157 2469 3222 vigesimusque
2491 3158 2554 3205 ab
2572 3155 2777 3206 Hercule

577 3242 789 3305 superior
814 3242 919 3289 talis
940 3242 1164 3298 extiterit,
1187 3241 1341 3304 qualis
1357 3241 1453 3289 fors
1475 3239 1546 3288 illi
1564 3240 1783 3303 contigit,
1801 3240 1862 3288 ab
1882 3255 1941 3287 eo
1963 3239 2155 3303 ridetur,
2176 3239 2214 3286 si
2237 3238 2316 3287 ille
2338 3237 2479 3287 altius
2500 3252 2777 3302 consurgere

574 3327 784 3384 nequeat
822 3329 873 3368 et
908 3320 1085 3368 insanie
1124 3320 1293 3368 mentis
1332 3321 1590 3368 vanitatem
1631 3322 1839 3384 abigere.
1905 3320 1963 3367 In
2006 3321 2078 3369 bis
2108 3319 2324 3368 omnibus
2361 3318 2676 3382 philosophus
2710 3317 2776 3365 vir

572 3399 718 3463 vulgo
741 3399 970 3447 ridiculus
989 3400 1203 3455 babetur,
1225 3399 1395 3462 partim
1417 3399 1531 3463 quia
1553 3401 1779 3461 superbus
1801 3407 2191 3465 contemptorque.
2228 3407 2448 3463 apparet,
2466 3399 2638 3462 partim
2667 3398 2775 3462 quia

574 3495 683 3544 quse
706 3478 863 3541 palam
900 3486 1013 3526 sunt
1044 3478 1231 3543 ignorat
1263 3485 1312 3526 et
1344 3479 1556 3543 ambigit.
1622 3479 1788 3528 Tuto.
1821 3480 1949 3529 Rem
1982 3480 2152 3546 ipsam,
2183 3497 2213 3528 ο
2247 3481 2483 3536 Socrates,
2511 3488 2565 3527 ut
2586 3479 2779 3534 accidit,

574 3558 816 3610 enarrasti.
886 3560 971 3608 So·
1006 3560 1072 3608 At
1086 3575 1192 3608 cum
1211 3559 1254 3607 is
1274 3559 1498 3622 aliquem,
1522 3574 1552 3606 o
1574 3558 1741 3616 amice,
1761 3559 1822 3607 ad
1846 3576 2016 3623 supera
2035 3561 2189 3624 erigit,
2210 3568 2261 3609 et
2280 3560 2361 3609 ille
2387 3567 2558 3622 sponte
2579 3574 2688 3607 cum
2700 3575 2778 3620 co,

571 3638 860 3704 singulorum
900 3640 1092 3687 dimissa
1124 3639 1377 3703 litigiorum
1414 3639 1722 3697 discussione,
1744 3655 1840 3703 qua
1860 3642 2097 3704 quaeritur,
2123 3641 2181 3689 Iu
2216 3656 2312 3704 quo
2334 3655 2426 3705 ego
2447 3649 2497 3688 te
2518 3646 2603 3688 aut
2626 3649 2679 3686 tu
2703 3654 2775 3687 me

571 3720 766 3778 lasseris,
788 3721 848 3767 ad
885 3719 1035 3784 ipsius
1067 3718 1266 3784 justitiae
1304 3720 1610 3784 injustitiaeve
1639 3721 2013 3785 speculationem
2047 3721 2281 3778 ascendit,
2305 3720 2420 3783 quid
2447 3728 2646 3784 utraque
2665 3720 2779 3782 sint,

568 3815 667 3865 quo
687 3801 748 3848 ab
768 3800 874 3848 aliis
896 3800 1114 3849 omnibus
1137 3799 1257 3848 inter
1278 3816 1329 3848 se
1352 3800 1624 3865 discrepent
1644 3820 1656 3849 ι
1690 3801 1766 3850 vel
1796 3801 1940 3850 etiam
1971 3801 2287 3851 controversia
2323 3800 2404 3848 illa
2443 3798 2657 3856 dimissa,
2678 3813 2774 3862 qua

567 3879 811 3943 queritur,
846 3880 1014 3929 Utrum
1050 3896 1129 3928 rex
1159 3882 1324 3928 beatus
1361 3880 1440 3940 sit,
1470 3882 1554 3944 qui
1588 3881 1787 3930 multum
1823 3882 1924 3930 auri
1964 3882 2198 3946 possidet,
2228 3883 2289 3930 ad
2324 3879 2780 3944 contemplationem

568 3960 703 4024 regni
741 3959 888 4024 ipsius
918 3961 1317 4026 beatitudinisque
1356 3962 1574 4010 humanm
1609 3971 1753 4027 atque
1788 3962 2003 4019 miseriae,
2037 3962 2198 4026 qualia
2231 3961 2405 4027 cuique
2441 3961 2560 4018 sint,
2590 3969 2644 4008 et
2677 3975 2776 4025 quo

568 4048 713 4105 pacto
734 4042 951 4090 humanm
974 4050 1154 4091 nature
1174 4043 1429 4092 conveniat
1448 4044 1543 4092 hoc
1564 4044 1785 4107 adipisci,
1803 4042 1923 4091 illud
1945 4044 2138 4107 fugeret
2172 4043 2385 4107 quando,
2405 4042 2777 4107 inquam,opor·

569 4128 640 4169 tet
661 4120 722 4169 de
745 4120 817 4170 bis
839 4123 1307 4173 omnlbusrationem
1330 4125 1523 4174 reddere
1546 4123 1892 4189 pusillanimem
1914 4124 2047 4172 illum
2084 4131 2135 4173 et
2163 4124 2437 4172 acerrimum
2457 4121 2778 4182 causidicum,

567 4209 685 4253 tuuc
702 4217 816 4251 sane
837 4201 1041 4251 vicissim
1065 4219 1228 4268 peenas
1254 4204 1540 4269 philosopho
1577 4207 1771 4269 pendet.
1839 4205 2131 4269 Vertiginem
2154 4202 2282 4254 enim
2305 4202 2482 4268 patitur
2500 4202 2564 4250 ab
2584 4200 2776 4250 excelsa

568 4284 765 4349 specula
784 4283 1099 4348 caligantibus
1137 4284 1304 4341 oculis,
1340 4293 1505 4349 utpote
1528 4286 1613 4350 qui
1646 4302 1849 4351 superne
1887 4287 2155 4351 prospicere
2190 4285 2253 4334 sit
2287 4280 2557 4332 insolitus.'
2595 4281 2780 4329 Moeret

565 4380 776 4429 quoque,
815 4364 1008 4423 titubat,
1039 4373 1089 4413 et
1122 4364 1379 4414 barbarica
1400 4365 1592 4429 profert.
1625 4366 1844 4431 quocirca
1881 4367 2022 4416 risum
2056 4382 2155 4415 non
2185 4364 2449 4414 Thracibus
2485 4377 2645 4426 neque
2667 4360 2779 4409 rudi

564 4444 782 4508 cuipiam
805 4454 981 4507 movet,
1000 4446 1183 4514 (neque
1203 4447 1328 4497 enim
1368 4447 1711 4515 persentiunt,)
1732 4449 1816 4499 sed
1850 4448 1941 4498 illis
1975 4448 2136 4513 potius
2168 4446 2406 4512 omnibus,
2426 4444 2513 4509 qui
2546 4443 2695 4493 libere
2728 4447 2781 4490 et
