2917 4975
230 428 371 519 1561·
1041 438 1563 505 THEAETETUS.
2280 439 2402 512 239

229 600 557 663 responderes?
615 600 751 653 Tus.
783 601 835 652 Si
855 601 982 666 quod
1009 600 1125 651 mihi
1147 601 1350 657 videtur,
1369 614 1400 648 o
1422 600 1659 657 Socrates,
1678 599 1739 649 ad
1771 599 1894 650 bane
1913 599 2225 666 questionem
2243 609 2405 667 protu-

223 675 336 736 lero,
354 696 445 729 non
469 698 602 745 posse
618 685 911 733 asseverabo.
945 683 1019 731 sin
1043 691 1198 732 autem
1229 683 1289 729 ad
1308 681 1592 745 superiorem
1615 680 1899 745 positionem
1921 698 2186 746 respexero,
2207 699 2270 732 ne
2287 685 2404 734 mihi

226 757 338 806 sorte
372 777 641 826 repugnem,
666 776 804 827 posse
841 764 1025 813 dicam.·
1080 763 1168 812 So,
1202 762 1337 810 Bene
1370 771 1515 824 atque
1553 762 1735 820 divine,
1760 777 1842 826 per
1874 762 2196 821 Junonem‚,o
2234 764 2406 814 amice.

222 836 340 902 Ergo
359 840 398 889 si
421 857 553 905 posse
586 844 901 908 responderis,
938 842 1182 907 Euripidis
1213 841 1333 890 illud
1368 842 1576 895 eveniet.
1608 842 1745 890 nobis
1783 842 1906 893 enirn
1928 844 2092 908 lingua
2112 860 2209 893 non
2244 846 2406 894 redar-

226 927 345 983 guta,
363 937 491 970 mens
515 931 668 973 tamen
693 924 940 987 redarguta
970 921 1074 987 jam
1093 922 1199 971 erit·
1263 921 1396 970 Tun.
1430 920 1510 970 Sic
1532 930 1674 971 certe.
1737 922 1822 972 So.
1855 924 1906 971 Si
1929 941 2018 987 ego
2040 939 2098 974 ae
2120 932 2170 973 tu
2205 926 2402 977 facundi

224 1000 538 1067 sapientesque
559 1020 781 1063 essemus,
802 1011 1052 1070 postquam
1075 1001 1235 1051 omnia
1256 1001 1426 1050 mentis
1449 1017 1589 1051 sensa
1605 1002 1815 1052 discussa
1834 1004 2051 1068 fuissent,
2080 1006 2306 1071 deinceps
2328 1008 2400 1057 sa·

223 1082 429 1130 cundiam
472 1085 872 1150 subtilitatemque
916 1091 1155 1133 tentantes
1198 1082 1468 1146 sophisticis
1512 1083 1827 1146 captiunculis
1868 1085 2070 1134 invicem
2101 1094 2406 1150 certaremus,

220 1163 349 1210 verba
369 1164 518 1213 verbis
539 1182 664 1214 more
685 1166 1060 1216 conflictantium
1083 1163 1397 1213 conferentes.
1459 1162 1606 1210 Nunc
1628 1171 1804 1222 autem,
1829 1172 1996 1230 utpote
2011 1167 2168 1224 rudes,
2186 1167 2403 1216 volumus

218 1241 300 1290 ista
321 1243 515 1307 primum
537 1246 801 1294 secundum
823 1245 980 1307 seipsa
1000 1242 1204 1290 invicem
1226 1241 1557 1304 contemplari,
1580 1257 1795 1305 quasnam
1818 1243 1914 1292 sint
1931 1260 2040 1308 quae
2060 1248 2339 1311 cogitamus,
2350 1258 2404 1298 et

216 1331 360 1372 utrum
381 1334 645 1375 consonent
666 1325 801 1374 nobis
824 1339 885 1372 an
906 1323 1170 1372 dissonent.
1231 1320 1365 1371 Tua.
1402 1320 1617 1374 Maxime
1650 1322 1843 1385 quidem
1880 1324 1929 1372 id
1953 1324 2110 1374 velim.
2174 1327 2258 1377 So.
2292 1328 2402 1378 Nec

213 1403 358 1452 minus
393 1421 501 1469 ego.
568 1405 662 1455 Sed
698 1421 808 1454 eum
847 1403 916 1452 ita
948 1402 1109 1450 affecti
1146 1401 1309 1457 simus,
1332 1399 1585 1464 tranquille
1617 1416 1821 1465 prorsus,
1844 1410 2010 1467 utpote
2042 1404 2198 1461 otiosi,
2233 1406 2402 1455 iterum

210 1487 522 1547 speculemur,
552 1487 699 1550 [15⁵]
734 1484 850 1532 nibil
873 1490 1203 1532 succensentes
1224 1482 1446 1538 invicem,
1470 1482 1554 1529 sed
1582 1497 1632 1530 re
1654 1497 1763 1530 vera
1797 1499 1883 1531 nos
1917 1485 2051 1546 ipsos
2067 1484 2408 1541 examinantes,

210 1566 368 1629 qualia
388 1566 486 1613 sint
507 1568 608 1615 haec
645 1567 695 1613 in
730 1566 868 1613 nobis
890 1564 988 1613 visa
1016 1563 1455 1627 phantasmataque.
1488 1561 1892 1627 quibus.primum
1929 1564 2237 1613 consideratis
2274 1564 2404 1621 dice-

210 1658 333 1701 mus.
355 1654 409 1695 ut
430 1645 643 1703 arbitror,
664 1645 782 1694 nibil
807 1650 1017 1709 unquam
1056 1642 1207 1708 majus
1244 1643 1457 1692 minusve
1478 1644 1579 1693 fieri
1601 1643 1674 1692 vel
1697 1645 1819 1694 mole
1842 1646 1912 1694 vel
1936 1661 2148 1703 numero,
2173 1646 2400 1712 quamdiu

209 1727 394 1790 aequale
431 1727 616 1791 sibiipsi
648 1735 909 1792 permanet.
957 1741 1118 1775 nonne
1151 1726 1253 1775 ita?
1317 1724 1449 1777 Tua.
1483 1725 1559 1775 Ita
1592 1741 1792 1790 proram.
1855 1727 1942 1777 So.
1973 1726 2166 1777 Deinde
2198 1727 2276 1777 cui
2307 1743 2401 1777 nec

210 1808 399 1856 additur
419 1824 576 1872 neque
596 1809 883 1858 subtrahitur
901 1807 1102 1873 aliquid,
1124 1807 1216 1855 hoc
1261 1821 1416 1870 neque
1450 1821 1657 1855 crescere
1688 1822 1892 1871 unquam
1915 1823 2072 1873 neque
2108 1807 2399 1871 decrescere,

209 1905 389 1954 semper
406 1897 565 1938 autem
587 1889 770 1953 :equale
788 1888 1064 1938 consistere.
1127 1886 1170 1935 T
1172 1902 1257 1936 aa.
1295 1885 1449 1934 Valde
1471 1886 1680 1950 quidem.
1747 1886 1837 1936 So.
1867 1887 2027 1937 Tertio
2042 1904 2153 1937 vero
2169 1888 2408 1946 dicemus,

210 1968 332 2032 quod
355 1979 466 2019 ante
490 1986 586 2018 non
608 1979 708 2018 erat
736 1977 788 2019 et
819 1976 987 2034 postea
1022 1976 1110 2026 est,
1132 1966 1223 2016 nisi
1262 1967 1348 2016 fiat
1385 1974 1434 2016 et
1470 1968 1647 2017 factum
1677 1968 1755 2026 sit,
1776 1985 1880 2021 esse
1911 1985 2010 2018 non
2047 1985 2205 2034 posse.
2268 1969 2406 2023 Tne.

210 2052 284 2101 Sic
317 2052 530 2116 profecto
553 2051 767 2107 videtur„
818 2050 906 2098 So.
939 2048 1058 2099 Hm
1096 2048 1260 2113 utique
1296 2048 1387 2098 tria
1419 2063 1645 2098 concessa
1682 2058 1897 2114 pugnant
1930 2052 2057 2100 inter
2091 2067 2143 2099 se
2181 2051 2322 2100 nobis
2350 2051 2404 2100 in

210 2133 377 2191 animo,
398 2132 594 2198 quando
618 2132 680 2180 de
700 2131 806 2180 talis
828 2130 922 2179 illis
938 2129 1205 2194 loquimur3
1237 2128 1313 2179 vel
1341 2130 1534 2199 quando
1571 2130 1788 2189 fatemur,
1809 2148 1884 2181 me
1905 2147 2086 2191 senem,
2108 2134 2224 2182 dum
2245 2141 2408 2183 tantus

213 2228 392 2270 maneo,
412 2212 548 2262 nulla
571 2210 623 2260 in
649 2219 777 2276 parte
798 2219 967 2260 auctus
988 2211 1276 2267 minutusve,
1298 2211 1467 2259 eodem
1503 2211 1555 2258 in
1590 2226 1718 2261 anno
1750 2220 1798 2260 te
1821 2211 2003 2276 juvene
2025 2213 2249 2275 majorem
2271 2230 2403 2263 nunc

213 2308 328 2351 esse,
349 2302 515 2357 postea
539 2307 652 2341 vero
676 2293 923 2349 minorem,
942 2307 1053 2341 cum
1076 2292 1224 2340 moles
1244 2291 1437 2355 quidem
1461 2305 1566 2339 mea
1583 2291 1741 2339 ablata
1760 2307 1857 2340 non
1874 2293 1952 2350 sit,
1973 2294 2057 2341 sed
2081 2300 2163 2341 tua
2176 2296 2412 2344 duntaxat

213 2375 421 2424 adaucta.
485 2373 605 2422 Sum
641 2387 847 2436 namque
869 2378 1068 2436 postea,
1090 2372 1225 2435 quod
1263 2378 1374 2419 ante
1413 2385 1511 2418 non
1546 2385 1692 2429 eram,
1727 2371 1796 2419 nil
1836 2379 1993 2420 tamen
2029 2372 2200 2423 factus.
2231 2374 2414 2438 absque

213 2454 332 2505 enim
367 2455 473 2506 fieri
509 2455 691 2506 sactum
731 2467 835 2503 esse
865 2451 1179 2516 impossibile.
1214 2449 1282 2500 nil
1320 2456 1479 2500 autem
1518 2449 1656 2499 molis
1681 2450 1929 2510 ,amittens,
1965 2467 2210 2518 nunquam
2253 2453 2414 2505 minus

215 2535 403 2585 effectus
424 2552 548 2586 sum.
616 2534 681 2585 Et
701 2533 795 2583 alia
813 2533 956 2598 hujus
977 2532 1163 2597 generis
1182 2530 1371 2580 infinita
1384 2531 1437 2588 in
1456 2531 1617 2580 multis
1634 2532 1873 2592 accidunt,
1894 2533 1935 2582 si
1950 2534 2052 2584 brec
2066 2533 2412 2587 admiserimus.

216 2615 307 2666 Dic
325 2633 431 2684 age,
451 2617 761 2666 oTheaetete.
799 2615 970 2663 videris
991 2613 1120 2663 enim
1154 2613 1270 2662 mihi
1304 2613 1467 2662 barum
1509 2628 1661 2661 rerum
1705 2628 1803 2662 non
1824 2614 2085 2679 imperitus.
2148 2616 2281 2668 Tun.
2317 2618 2410 2668 Per

214 2696 340 2762 deos,
361 2714 391 2746 o
412 2698 656 2754 Socrates,
681 2710 967 2759 magnopere
1002 2695 1120 2759 quid
1151 2694 1243 2742 ista
1278 2692 1372 2741 sint
1406 2693 1641 2755 admiror3
1675 2694 2006 2761 interdumque
2024 2696 2132 2762 ipsa
2151 2698 2414 2763 inspiciens

213 2778 408 2826 tenebris
430 2777 676 2827 offundor.
738 2775 823 2827 So.
856 2776 1150 2833 Theodorus,
1173 2791 1203 2824 0
1243 2774 1411 2832 amice,
1442 2789 1541 2823 non
1561 2774 1684 2824 male
1714 2774 1777 2824 de
1800 2784 1882 2825 tuo
1901 2776 2095 2841 ingenio
2116 2777 2414 2842 conjectasse

211 2857 407 2908 videtur.
444 2858 652 2906 maxime
674 2857 800 2906 enim
827 2856 1120 2921 philosophis
1142 2857 1243 2906 ba’c
1268 2855 1462 2906 affectio
1499 2862 1589 2914 est,
1610 2871 1719 2919 quas
1751 2856 1996 2905 admiratio
2029 2857 2222 2909 dicitur.
2253 2875 2414 2924 neque

213 2939 334 2988 enim
355 2940 489 2989 aliud
516 2945 686 3004 prater
705 2938 797 2988 boc
819 2947 891 2988 est
912 2937 1228 3002 philosophie
1254 2935 1575 3001 principium·
1609 2944 1660 3010 et
1681 2936 1765 2999 qui
1785 2936 1895 2984 Irim
1916 2936 2244 2995 Thaumantis,
2266 2939 2318 2987 id
2340 2947 2418 2992 est

214 3019 555 3076 admirationis,
576 3017 722 3067 filiam
744 3031 846 3066 esse
869 3016 1084 3072 tradidit,
1103 3031 1203 3063 non
1237 3015 1439 3063 absurde
1473 3003 1702 3077 originem
1730 3014 1837 3079 ejus
1871 3016 2118 3080 explicuit.
2182 3018 2277 3066 Sed
2298 3034 2416 3069 num

215 3100 437 3166 percipis,
458 3114 605 3163 quum
630 3098 693 3144 ob
716 3110 903 3144 causam
925 3094 1029 3144 hec
1054 3094 1165 3141 talia
1186 3101 1316 3149 sunt,
1343 3108 1401 3141 ex
1440 3092 1616 3157 quibus
1638 3092 1946 3156 Protagoram
1967 3094 2102 3159 loqui
2132 3100 2419 3148 asseveravi-

217 3195 347 3242 mus,
385 3196 447 3228 an
471 3177 604 3226 non?
667 3176 802 3225 Tun.
836 3173 1067 3222 Nondum
1089 3172 1205 3220 mihi
1227 3173 1409 3224 videor.
1475 3172 1560 3220 So.
1595 3171 1806 3221 Gratiam
1828 3173 1987 3238 itaque
2010 3174 2121 3224 mibi
2142 3176 2354 3234 babebis,
2375 3180 2421 3228 d

216 3260 303 3314 tibi
324 3260 432 3317 viri,
455 3259 602 3306 immo
624 3256 826 3304 virorum
846 3252 1355 3318 praestantissimorum,
1383 3252 1710 3317 intelligentia
1733 3253 1974 3303 veritatem
2005 3255 2211 3306 abditam
2242 3273 2419 3308 resera-

214 3342 362 3392 tero?
432 3337 570 3385 Tua.
604 3334 789 3392 Quidni
823 3334 1040 3391 babeam,
1062 3340 1113 3381 et
1147 3333 1387 3396 ingentem
1407 3333 1668 3398 equidem?
1733 3334 1822 3385 80.
1856 3335 2194 3402 contemplare
2217 3338 2342 3403 jam,
2366 3350 2420 3391 es

218 3419 366 3468 simul
390 3417 650 3481 diligenter
688 3429 820 3473 cave,
841 3431 903 3463 ne
937 3413 1047 3479 quis
1085 3415 1306 3479 profanus
1336 3416 1443 3464 haeo
1470 3415 1647 3465 audiat.
1678 3415 1866 3491 profani
1888 3434 1996 3467 vero
2029 3427 2160 3478 sunt,
2177 3420 2261 3486 qui
2294 3422 2418 3474 nihil

214 3499 349 3549 aliud
374 3513 483 3547 esse
506 3503 683 3561 putant
696 3511 837 3561 quam
860 3496 989 3561 quod
1015 3510 1174 3560 pugno
1198 3502 1357 3545 tenere
1389 3504 1603 3560 possunt.
1635 3497 1846 3547 actiones
1867 3513 1975 3549 vero
1996 3501 2420 3569 generationeaque

217 3563 268 3631 et
289 3578 529 3632 invisibile
553 3577 815 3626 universum
835 3577 886 3626 in
909 3577 1126 3626 essentiis
1150 3584 1282 3641 parte
1297 3592 1596 3643 nequaquam
1612 3577 1872 3643 accipiunt.
1934 3580 2069 3632 Τιιιι.
2104 3581 2421 3634 Durosnimi·

220 3678 299 3711 um
321 3671 373 3710 et
393 3667 638 3725 protervos
667 3659 902 3716 homines,
934 3674 964 3706 o
1000 3657 1235 3716 Socrates,
1272 3657 1420 3723 [156]
1455 3673 1703 3710 memoras.
1768 3660 1856 3710 So,
1887 3660 2011 3710 Sunt
2040 3661 2118 3712 isti
2151 3663 2424 3728 quideme

221 3759 357 3808 puer,
378 3758 409 3792 a
428 3741 587 3790 Musis
620 3740 874 3789 admodum
911 3738 1071 3789 alieni.
1103 3753 1194 3788 nec
1230 3739 1405 3787 desunt
1437 3738 1519 3787 alii
1555 3740 1748 3805 quidam
1766 3740 2094 3806 elegantiores,
2112 3759 2310 3808 quornm
2331 3746 2422 3798 tiba

223 3824 447 3889 mysteria
469 3829 735 3871 namturus
754 3837 875 3870 sum.
940 3819 1233 3884 Principium
1261 3828 1421 3869 autem
1458 3820 1686 3886 deinceps
1720 3821 1828 3881 erit,
1849 3838 1908 3872 ex
1926 3839 2024 3887 quo
2045 3839 2122 3883 ea,
2144 3840 2254 3890 quas
2275 3831 2422 3879 nodo

224 3904 446 3967 diximus,
467 3912 680 3954 manant.
746 3902 803 3951 Id
831 3908 990 3951 autem
1035 3910 1109 3949 est
1143 3901 1350 3964 ipsorum
1391 3900 1694 3965 principium,
1716 3904 1844 3966 quod
1868 3903 2132 3954 universum
2151 3916 2308 3958 motus
2325 3921 2420 3969 est,

224 3991 271 4034 et
307 3986 441 4035 aliud
480 3993 648 4049 preter
683 3992 860 4032 motum
898 3981 1036 4032 nihil.
1102 3980 1271 4029 Motus
1294 3996 1404 4030 vero
1441 3982 1627 4046 species
1662 3982 1790 4039 duae,
1811 3991 1862 4031 et
1893 3984 2195 4037 multitudine
2223 3990 2422 4053 quidem

226 4074 421 4132 utraque
440 4065 660 4115 infinita:
696 4064 911 4130 potentia
945 4070 1102 4112 autem
1137 4062 1284 4111 altera
1320 4063 1370 4111 iu
1389 4063 1596 4127 agendo,
1618 4062 1764 4111 altera
1783 4063 1831 4112 in
1855 4065 2080 4128 patiendo
2102 4080 2331 4120 versatur.
2361 4088 2446 4121 ea⁴

225 4145 386 4196 harum
407 4161 665 4210 congressu
697 4146 1041 4211 compulsuque
1064 4152 1226 4194 mutuo
1248 4143 1446 4194 effectus
1469 4144 1697 4194 evomunt
1717 4160 1913 4195 numero
1930 4146 2121 4206 infiniti,
2142 4151 2305 4213 speeie
2333 4168 2419 4215 ge-

227 4226 340 4276 mini
359 4243 377 4277 :
412 4225 634 4276 sensibile
657 4226 880 4277 videlieet
898 4241 955 4276 ac
977 4239 1161 4282 sensus,
1181 4224 1262 4289 qui
1286 4239 1472 4290 semper
1492 4241 1600 4275 cum
1621 4225 1830 4275 sensibili
1857 4228 2106 4278 conficitur
2139 4235 2284 4291 atque
2303 4244 2422 4278 cs·-

228 4308 450 4376 greditur.
516 4306 748 4356 Sensuum
771 4307 874 4357 haec
896 4306 1091 4356 nomina
1109 4315 1237 4363 sunt,
1261 4307 1405 4367 visus,
1426 4308 1638 4372 auditus,
1657 4307 1875 4366 olfactus,
1896 4314 2064 4372 gustus
2085 4306 2425 4367 tactu-quotti-

230 4387 447 4451 gidorum
489 4396 540 4436 et
584 4386 861 4437 calidorum.
918 4404 1038 4453 quos
1084 4396 1342 4453 sequuntur
1366 4388 1655 4452 voluptates,
1692 4387 1896 4444 dolores,
1939 4382 2225 4448 cupiditates
2284 4392 2430 4449 atqua

230 4467 438 4534 timores,
458 4467 632 4535 aliique
655 4468 875 4530 affectus,
896 4468 1129 4526 innumeri
1149 4470 1339 4533 quidem
1363 4469 1465 4522 sine
1488 4468 1698 4528 nomine,
1721 4464 1952 4515 nominati
1976 4474 2167 4525 quoque
2189 4464 2432 4523 permulti.
