2917 4975
191 467 335 543 401]
1073 464 1513 526 CRATYLUS.
2269 476 2390 540 311

198 619 330 669 sierit
345 620 476 684 quod
496 620 751 685 refrigerat,
775 617 1041 669 dissolvitur
1062 634 1229 683 corpus
1247 626 1302 670 ,et
1320 618 1500 668 interit.
1534 618 1662 667 unde
1694 620 1910 684 poyehtm
1943 624 2209 676 nomina-e
2227 626 2393 679 viden-

193 707 301 752 tur:
337 701 474 764 quasi
493 702 822 766 anapsycbon,
842 700 892 748 id
913 704 987 747 eat
1008 698 1279 762 respirando
1301 698 1591 761 refrigerans.
1656 698 1721 747 At
1744 716 1873 759 vero,
1888 702 1935 750 ai
1966 703 2142 767 piacet,
2163 708 2275 757 sim
2304 725 2391 773 ρ..

196 796 399 846 nnaper.
463 781 644 830 Videor
674 781 792 829 milui
822 780 1002 845 aliquid
1036 779 1268 843 inspicere
1290 778 1578 843 probabilius
1598 779 1728 842 spud
1759 796 1843 830 eos
1874 782 1959 847 qni
1994 783 2387 852 Eutbyphronen

201 867 479 926 sequuntur·
508 860 655 926 [400]
675 875 795 910 nam
829 859 957 909 istud
978 859 1169 923 quidun
1191 866 1565 923 aspernarentur,
1588 866 1645 907 ut
1662 860 1874 918 arbitror,
1894 869 1944 911 et
1974 864 2139 913 durum
2161 868 2390 931 quiddam

198 955 300 990 erae
332 948 599 991 censerem.
632 941 715 990 aed
752 941 877 997 vide,
900 955 962 989 an
1002 940 1093 989 hoc
1132 939 1217 988 tibi
1254 939 1317 987 sit
1356 939 1655 1003 placiturum.
1722 940 1908 993 Hunis.
1942 942 2039 994 Dic
2076 947 2236 997 modo.
2301 947 2389 1000 80.

200 1020 330 1079 Quid
352 1021 484 1071 aliud
503 1036 646 1085 quam
666 1021 824 1070 anime
845 1019 935 1067 tibi
955 1019 1139 1068 videtur
1159 1034 1329 1082 corpus
1347 1020 1608 1077 continere,
1633 1021 1820 1079 vehere,
1842 1029 1964 1073 utet
1985 1025 2113 1074 vivat
2131 1033 2182 1075 et
2202 1028 2387 1091 gradia-

199 1102 304 1149 tur?
374 1100 559 1152 nunu.
593 1101 677 1150 Nil
698 1101 846 1150 aliud.
910 1098 997 1150 So.
1028 1098 1109 1147 Au
1129 1114 1227 1147 non
1250 1099 1540 1162 Anaxagora
1559 1100 1728 1157 credis,
1749 1117 1899 1151 rerum
1932 1112 2144 1154 naturam
2178 1108 2387 1160 omnium

194 1189 357 1232 mente
377 1183 580 1246 quadam
597 1190 648 1232 et
667 1183 824 1230 anima
839 1180 1052 1230 exornari
1070 1180 1209 1228 simui
1224 1186 1276 1228 et
1287 1179 1558 1227 contineri?
1625 1179 1812 1229 Hunis.
1846 1182 2004 1232 Credo
2019 1186 2255 1249 equidem.
2305 1190 2396 1238 80.

195 1262 291 1310 Par
311 1269 388 1310 eat
407 1262 551 1326 igitur
570 1276 676 1311 eam
695 1261 962 1325 potentiam
995 1258 1235 1307 nominare
1272 1258 1558 1323 phyaechin,
1578 1273 1687 1321 quo
1722 1260 1936 1325 physim,
1969 1262 2021 1311 id
2057 1273 2130 1312 est
2162 1273 2392 1327 naturam,

195 1343 306 1391 ochi
326 1349 381 1390 et
399 1342 526 1398 echi,
547 1343 598 1390 id
618 1348 694 1389 est
713 1340 911 1388 rebitet
926 1338 1159 1388 continet.
1192 1335 1387 1399 politius
1408 1343 1567 1385 nutem
1591 1337 1760 1401 psyehi
1783 1338 2027 1402 profertur.
2093 1342 2278 1395 Hm.
2311 1347 2394 1397 Sic

191 1431 267 1472 ast
288 1422 506 1471 omnino.
574 1420 873 1483 videturque
897 1418 1009 1467 mihi
1032 1416 1159 1466 istud
1199 1416 1495 1466 artificiosius
1531 1432 1651 1466 esse.
1718 1418 1802 1466 So.
1834 1418 1923 1467 Est
1954 1421 2183 1483 profecto.
2250 1423 2392 1473 Ridi.

189 1502 357 1551 unium
387 1509 547 1551 autern
577 1501 693 1564 quid
726 1506 991 1563 appareret,
1004 1498 1050 1547 si
1074 1497 1143 1545 ita
1172 1504 1228 1545 ut
1259 1496 1462 1560 positum
1500 1495 1610 1554 fuit,
1631 1498 1964 1550 nominaretur.
2025 1500 2211 1552 nnn.
2245 1503 2393 1560 Quod

193 1597 311 1631 vero
331 1589 443 1645 post
457 1582 549 1629 hoc
571 1580 798 1644 sequitur,
820 1594 991 1642 corpus
1012 1592 1173 1626 nonne
1195 1592 1325 1625 soma
1345 1578 1631 1641 nuncupas?
1696 1578 1855 1627 Certe.
1919 1579 2008 1632 80.
2039 1579 2189 1644 Atqui
2206 1582 2390 1632 videtur

201 1663 321 1712 mibi
345 1662 395 1709 in
418 1662 510 1710 hoc
529 1658 978 1724 nomine-paulisper
997 1659 1058 1707 ab
1079 1657 1260 1722 origine
1279 1657 1524 1708 declinari.
1559 1673 1728 1722 nempe
1751 1674 1923 1723 corpus
1945 1660 2034 1709 hoc
2062 1661 2233 1710 animm
2252 1662 2390 1722 siun,

202 1743 253 1791 id
276 1750 356 1790 est
386 1740 672 1805 sepulcrum,
710 1739 901 1803 quidum
934 1753 1038 1788 csse
1072 1738 1295 1787 tradunt:
1331 1738 1466 1802 quasi
1504 1737 1608 1801 ipsa
1642 1739 1864 1803 prasenti
1901 1740 1953 1788 in
1989 1747 2199 1805 tempore
2234 1742 2297 1790 sit
2315 1755 2391 1794 se-

199 1821 371 1885 pulta:
406 1829 551 1885 atque
582 1819 722 1869 etiam
755 1819 864 1882 quia
899 1819 1055 1868 anima
1087 1834 1173 1883 per
1202 1834 1374 1881 corpus
1408 1818 1626 1883 simegni,
1647 1818 1696 1867 id
1729 1827 1803 1867 est
1821 1820 2385 1888 significat,qumcunque

197 1899 455 1974 significat,
478 1899 648 1949 iccirco
670 1909 720 1950 et
739 1900 858 1949 sima
891 1899 1000 1964 jure
1032 1899 1207 1949 voc-ri.
1253 1898 1514 1950 -Videntur
1540 1899 1653 1947 mihi
1687 1908 1914 1964 praeterea
1934 1902 2116 1966 Orphei
2136 1912 2391 1954 sectatores

193 1997 374 2042 ¹nomen
396 1983 489 2031 boc
510 1983 574 2029 ob
594 1981 642 2029 id
667 1981 961 2045 potissimum
987 1980 1216 2044 posuisse,
1238 1980 1369 2044 quod
1401 1979 1559 2029 enims
1591 1981 1640 2028 in
1675 1996 1871 2045 corpore
1893 1984 1985 2033 boe
2004 1983 2284 2033 delicturum
2305 1986 2391 2035 det

193 2077 394 2125 poeuas:
429 2070 479 2110 ct
497 2062 588 2110 hoc
608 2060 781 2109 circum
803 2068 938 2125 septo
960 2061 1178 2125 vanoque
1198 2061 1465 2121 claudatur,
1485 2059 1687 2110 velutin
1708 2076 1892 2111 carcere
1913 2064 2136 2126 quodam,
2158 2071 2212 2113 ut
2227 2065 2389 2123 sosite,

194 2138 248 2190 id
287 2149 362 2191 cst
384 2149 605 2192 servetur.
637 2157 738 2191 esse
769 2141 930 2204 itaque
952 2142 1118 2190 volunt
1152 2143 1242 2190 hoc
1275 2141 1359 2198 its,
1383 2150 1436 2188 ut
1468 2143 1754 2198 nominatur,
1785 2143 1955 2191 anirum
1990 2158 2139 2199 soma,
2172 2146 2390 2196 servandi

197 2223 349 2286 gratia
370 2222 645 2278 claustrum,
663 2223 822 2286 quoad
842 2222 1005 2270 debita
1024 2236 1227 2285 queque
1247 2221 1520 2284 expendat:
1557 2236 1713 2285 neque
1734 2221 1914 2270 literam
1931 2221 2137 2285 aliquam
2157 2224 2390 2286 adjicien-

196 2302 309 2350 dam
335 2309 522 2362 putant.
588 2302 774 2350 Hnnu.
809 2300 886 2349 De
903 2301 978 2349 his
998 2301 1110 2348 satis
1129 2301 1326 2356 dictum,
1350 2317 1380 2348 o
1402 2299 1641 2361 Socrates,
1663 2300 1875 2347 arbitror.
1908 2315 2066 2348 verum
2098 2302 2161 2348 de
2187 2304 2390 2354 nomini.

197 2383 290 2431 bus
307 2382 571 2446 aliquorum
589 2382 783 2430 deornm
802 2373 1102 2443 possumusne
1124 2380 1208 2434 itu.
1230 2388 1284 2427 ut
1301 2380 1365 2427 de
1381 2377 1505 2427 Jove
1526 2387 1682 2426 aetum
1700 2387 1790 2435 est,
1806 2378 2119 2436 considerare,
2134 2382 2391 2431 secundum

193 2477 342 2527 qnam
363 2460 694 2511 rectitudinem
710 2458 904 2508 nomine
919 2459 1016 2508 sint
1036 2458 1260 2523 imposita
1277 2458 1295 2506 ἓ
1361 2457 1445 2506 80.
1482 2457 1575 2507 Per
1593 2458 1625 2508 J
1629 2473 1786 2516 ovem,
1806 2471 1892 2511 nos
1913 2456 2104 2522 quidem
2126 2459 2167 2508 si
2188 2469 2393 2525 mentem

198 2544 500 2597 haberemus,
521 2539 860 2604 Hermogenes.
883 2540 1171 2604 praeeipuum
1209 2538 1505 2588 rectitudinis
1535 2540 1724 2587 modum
1755 2538 2093 2597 arbitraremur,
2115 2541 2251 2590 fateri
2272 2542 2392 2592 nibil

198 2638 292 2671 nos
307 2622 372 2673 de
392 2620 486 2669 diis
506 2635 808 2684 cognoscere,
830 2635 984 2684 neque
1005 2619 1195 2683 deipsis
1210 2619 1427 2684 inquam,
1447 2634 1604 2683 neque
1624 2620 1687 2668 de
1709 2621 1912 2683 ipsorum
1935 2620 2201 2671 nominibus
2218 2622 2397 2687 quibua

197 2702 299 2766 ipsi
321 2716 374 2749 se
397 2707 583 2751 vocant.
615 2707 804 2749 constat
823 2699 967 2756 enim,
988 2699 1096 2748 illos
1117 2699 1308 2763 quidem
1334 2698 1449 2748 reris
1487 2715 1539 2748 se
1567 2699 1834 2748 nominibus
1857 2714 2146 2765 nuncupare.
2212 2702 2395 2755 Secun-

196 2783 315 2831 dum
337 2796 449 2830 vero
471 2787 610 2830 rectas
630 2779 1024 2829 denominationis
1046 2780 1234 2829 modum
1250 2779 1489 2837 existimo,
1513 2788 1565 2827 ut
1583 2781 1976 2844 quemadmodum
1993 2781 2067 2830 lex
2082 2781 2133 2830 in
2153 2782 2276 2833 votis
2293 2791 2388 2831 sta·

200 2861 493 2926 tuitprecari
513 2862 651 2923 deos,
672 2862 1099 2925 quomodocunque
1130 2861 1366 2913 nominari
1395 2862 1471 2910 his
1505 2861 1678 2925 placet,
1707 2861 1777 2909 ita
1807 2870 1857 2908 et
1893 2861 2130 2924 nosipsos
2151 2876 2393 2925 vocemus,

198 2950 426 3005 tanquam
459 2940 576 2989 nihil
608 2941 738 2989 aliud
774 2941 921 3005 [401]
953 2948 1312 3006 cognoscentes.
1345 2952 1475 2989 recte
1507 2956 1727 3004 namque,
1748 2947 1803 2987 ut
1835 2940 1950 2987 mibi
1974 2940 2177 2997 videtur,
2197 2949 2271 2989 est
2302 2942 2395 2990 de-

196 3029 396 3071 cretum.
462 3022 640 3085 Quare,
661 3020 701 3069 si
724 3022 812 3079 vis,
832 3023 894 3069 ad
917 3023 1042 3070 hanc
1057 3019 1475 3084 investigationem
1496 3034 1761 3082 pergamus,
1785 3020 1934 3081 primo
1949 3018 2141 3081 quidem
2159 3020 2395 3083 diisprm-

196 3101 302 3159 fini,
326 3116 413 3150 noa
433 3101 549 3153 nihil
571 3103 633 3149 dc
657 3101 771 3164 ipsis
791 3101 1204 3153 consideraturosz
1240 3114 1396 3162 neque
1429 3099 1558 3146 enim
1587 3113 1725 3161 posse
1756 3096 2036 3146 confidimus
2059 3113 2072 3143 ε
2104 3097 2187 3145 scd
2220 3098 2283 3147 de
2303 3098 2395 3149 bo,

198 3181 404 3230 minibus
426 3180 601 3245 potius,
617 3195 711 3243 qua
727 3180 1018 3243 potissimum
1035 3179 1262 3243 opinione
1275 3178 1400 3226 circa
1415 3177 1532 3226 deos
1553 3177 1714 3226 affecti
1735 3176 1929 3227 nomina.
1944 3175 2058 3238 ipsis
2074 3174 2395 3231 instituerunt.

200 3261 293 3311 hoe
313 3260 440 3310 enirn
464 3275 493 3307 a
515 3260 678 3308 divina
699 3259 1026 3323 indignatione
1041 3259 1221 3323 procul.
1287 3256 1471 3306 Hnnu.
1504 3256 1729 3309 Modesto
1745 3255 1873 3320 loqui
1886 3255 2079 3314 sideris,
2096 3271 2126 3305 0
2146 3257 2391 3310 Socraten

199 3348 343 3405 atque
362 3341 431 3389 ita
455 3354 640 3404 prorsus
658 3339 916 3402 agendum.
980 3339 1067 3387 80.
1098 3337 1276 3387 Nonne
1310 3353 1342 3386 a
1365 3335 1516 3386 Vesta
1550 3337 1809 3385 secundum
1843 3336 1995 3400 legem
2030 3336 2391 3402 incipiendum?

202 3418 396 3469 Eunu.
424 3419 506 3468 Sic
540 3418 705 3482 utique
742 3417 899 3468 decet.
964 3418 1049 3467 So.
1084 3418 1196 3476 Qus
1219 3417 1408 3467 ratione
1445 3416 1659 3465 Bestiam
1695 3417 1817 3465 hane
1841 3415 2127 3465 nominatum
2148 3417 2393 3467 dicemus?

202 3498 390 3548 kinnu.
414 3498 507 3547 Per
518 3497 705 3555 Jovem,
721 3498 846 3546 baud
860 3497 998 3547 facile
1011 3498 1139 3547 istud
1155 3498 1367 3547 inventu.
1402 3496 1489 3548 So.
1514 3497 1766 3552 Videntur,
1782 3497 1925 3561 probe
1943 3495 2281 3561 Hermogenes,
2297 3498 2399 3561 pri-

201 3579 264 3627 mi
279 3578 525 3627 nominum
545 3584 758 3631 suctores
774 3594 868 3627 non
888 3579 1078 3628 hebetes
1092 3579 1285 3643 quidum
1300 3578 1462 3640 fuisse,
1475 3592 1630 3626 verum
1647 3578 1773 3626 acuti
1793 3576 2060 3626 sublimium
2076 3593 2222 3628 rerum
2236 3579 2395 3631 iuves,

201 3657 445 3720 tigatores.
500 3656 682 3708 Hunis.
715 3659 1073 3717 Quamobrem?
1122 3661 1211 3709 80.
1243 3659 1432 3707 Talium
1449 3659 1743 3723 quorundam
1768 3658 2391 3707 bominuminventioneno·

203 3737 338 3795 mins,
358 3744 590 3799 apparent
617 3737 853 3799 imposita.
888 3754 945 3787 ac
968 3737 1009 3786 ai
1028 3739 1134 3802 quis
1153 3740 1395 3803 peregrina
1414 3739 1682 3797 consider-‚et
1702 3739 1910 3795 nomina.
1931 3738 2233 3791 nihilominus
2258 3739 2399 3801 quod

199 3817 288 3866 sibi
309 3814 429 3873 vuit,
444 3818 812 3878 unumquodque
821 3817 1037 3880 rcperiet.
1070 3819 1467 3882 quemadmodum
1482 3821 1573 3867 hoc
1589 3818 1717 3881 quod
1743 3833 1830 3867 nos
1848 3819 2014 3875 usiam,
2034 3818 2086 3866 id
2105 3826 2180 3867 est
2193 3818 2389 3873 menti·

202 3912 297 3954 am,
318 3888 634 3956 noniina'mus,
655 3895 848 3958 quidam
870 3897 1069 3963 bestiam
1090 3905 1384 3960 nuncupant,
1405 3898 1489 3946 alii
1510 3899 1673 3947 osiam.
1740 3897 1897 3946 Primo
1914 3898 2103 3961 quidem
2132 3899 2393 3951 secundum

204 3977 402 4027 aiterum
422 3989 596 4024 nomen
618 3975 828 4034 istorum,
847 3977 972 4026 haud
995 3977 1159 4041 procui
1180 3992 1208 4025 a
1226 3977 1404 4026 ratione
1425 3976 1630 4034 videtur,
1652 3992 1800 4026 rerum
1817 3977 2068 4027 essentiam
2096 3979 2290 4030 bestiam
2309 3995 2394 4028 vo·

207 4057 317 4106 curi.
345 4065 397 4105 et
427 4056 540 4120 quin
573 4071 660 4104 uos
680 4058 809 4120 quod
830 4065 905 4107 est
923 4057 1138 4107 essentiae
1163 4057 1396 4122 particeps
1416 4057 1614 4106 bestium
1636 4072 1876 4116 vocamus,
1892 4074 1950 4107 es
1983 4059 2074 4108 boc
2095 4067 2221 4109 recte
2242 4058 2397 4108 hestia

207 4145 365 4198 posset
383 4135 710 4186 denominari.-
740 4138 1012 4203 Superiores
1024 4140 1170 4189 nostri
1187 4140 1425 4204 quondam
1441 4138 1608 4197 usian,
1627 4137 1677 4189 id
1698 4146 1771 4189 eat
1784 4139 2050 4203 mendam,
2064 4140 2229 4188 casiam
2250 4153 2395 4186 voca-

211 4216 339 4265 bant.
372 4216 503 4275 Quin
517 4216 660 4266 etiam
675 4219 714 4266 ai
735 4217 841 4282 quis
853 4235 1087 4270 sacrorum
1105 4219 1220 4268 ritus
1240 4218 1585 4275 animadvertit,
1609 4219 1890 4269 existimabit
1910 4220 1977 4268 sic
1998 4233 2080 4266 eoa
2102 4225 2289 4281 putasae
2309 4215 2395 4277 qui

212 4296 312 4346 δυο
328 4306 602 4361 posuerunt.
639 4297 830 4347 Etenim
845 4307 957 4349 ante
976 4300 1094 4349 deos
1107 4316 1272 4349 omncs
1287 4299 1447 4349 veste
1469 4314 1598 4349 sacra
1614 4298 1766 4349 heere
1781 4301 1923 4355 deoet
1935 4311 2035 4351 00⁸,
2050 4295 2132 4357 qui
2145 4294 2395 4341 mum

215 4376 418 4427 omnium
455 4377 650 4427 Vestam
672 4380 1078 4442 mgnominmnt.
1108 4381 1191 4444 qui
1212 4382 1327 4431 item
1357 4381 1504 4431 osium
1522 4379 1859 4439 nominarunt,
1891 4376 1939 4423 bi
1971 4373 2114 4422 ferme
2136 4370 2401 4433 mundum

215 4452 506 4507 Heraclitum
542 4467 824 4508 censuerunt
859 4460 1005 4511 fluere
1038 4462 1196 4511 omnin
1219 4476 1401 4526 semper
1421 4459 1636 4523 nihilque
1658 4457 1931 4509 consistere.
1961 4464 2149 4501 cauum
2172 4447 2313 4513 igim‘
2346 4462 2397 4501 (ἲ
