2917 4975
522 458 610 520 60
1336 493 1343 500 .
1409 446 1808 510 PLA‘roms
2581 449 2724 531 [36⁷

526 612 701 671 hbet,
720 626 753 660 o
773 608 895 658 viri?
927 606 1025 656 seio
1046 603 1284 670 equidem,
1305 602 1423 652 nihil
1438 602 1604 653 afferre
1625 617 1709 652 eos
1730 598 1857 650 aliud
1881 614 2033 665 posse.
2090 598 2261 650 Pnor.
2292 599 2432 653 Idem
2447 609 2499 652 et
2531 599 2723 667 lpse'ar·

530 692 692 741 bitror.
755 689 844 738 80.
876 686 1136 751 Postquam
1171 699 1283 733 vero
1319 685 1386 732 ita
1419 698 1472 732 00
1497 682 1552 731 id
1586 683 1751 742 habet,
1787 682 1894 731 illos
1931 683 2060 732 hunc
2094 679 2150 730 in
2185 682 2377 731 modum
2410 683 2727 747 interrogabo·

528 770 781 834 Apparent
800 766 951 815 oculis
971 766 1133 815 vestris
1164 766 1342 815 endem
1365 764 1514 814 moles
1533 763 1749 813 cominus
1786 763 2004 827 majores,
2037 762 2236 811 minores
2268 762 2486 811 eminus?
2554 761 2635 811 Ita
2655 778 2725 812 re-

526 846 846 912 spondebunt.
913 846 978 896 Et
994 858 1165 908 crassa,
1184 852 1236 893 et
1255 842 1402 892 multa
1421 841 1671 892 similiter?
1704 849 1756 892 et
1771 842 1977 909 equales
2000 858 2141 893 voces
2161 857 2309 908 prope
2331 842 2550 907 majores,
2585 842 2726 907 longe

528 941 639 976 vero
659 924 891 975 minens?
955 924 1283 974 Consentieut.
1347 922 1402 971 si
1417 922 1470 971 in
1491 924 1585 971 boc
1602 923 1725 972 bene
1745 937 1902 987 agere,
1937 929 1989 971 et
2025 922 2226 972 felicitas
2246 930 2405 971 nostra
2432 922 2727 980 consisteret,

528 1009 621 1056 hoe
641 1013 734 1070 est,
756 1006 807 1054 in
828 1004 1011 1071 magnis
1026 1005 1226 1054 molibus
1251 1002 1558 1063 fabricandis,
1577 1002 1983 1067 accipiendisque,
2005 1002 2257 1067 parvisque
2271 1001 2497 1061 vitandis,
2509 1017 2729 1066 quanam

529 1086 668 1136 nobis
686 1087 928 1151 potissima
946 1086 1057 1134 vite
1087 1085 1213 1134 salas
1239 1084 1392 1133 esset?
1457 1082 1590 1132 Num
1621 1099 1694 1132 ara
1727 1082 2043 1132 dimetiendi?
2075 1098 2139 1131 an
2167 1083 2438 1148 apparentis
2469 1083 2727 1145 potentia?

529 1167 683 1216 Immo
704 1167 922 1232 potentia
950 1167 1054 1216 brec
1075 1181 1161 1214 nos
1179 1163 1438 1228 deciperet,
1471 1171 1525 1213 et
1556 1179 1708 1214 errore
1739 1163 2038 1214 confundens
2070 1179 2200 1228 sepe
2230 1179 2318 1213 nos
2350 1171 2542 1228 cogeret
2561 1163 2728 1212 eadem

531 1248 649 1297 alias
667 1247 804 1298 aliter
816 1248 1050 1313 judicare,
1082 1254 1225 1310 utque
1255 1244 1535 1303 adsciscere,
1569 1244 1620 1292 in
1653 1244 2012 1310 actionibusque
2042 1251 2093 1294 et
2124 1244 2435 1294 electionibus
2456 1259 2731 1308 magnorum

528 1346 594 1380 ae
630 1345 874 1397 parvorum
896 1330 1074 1394 saepius
1106 1326 1351 1393 poenitere.
1416 1326 1712 1376 Dimetiendi
1736 1341 1844 1374 vero
1874 1326 2076 1376 facultas
2111 1340 2343 1390 apparens
2373 1326 2467 1373 hoc
2486 1325 2734 1388 abrogaret

536 1411 881 1476 reielieretque,
901 1409 1239 1473 veritatemque
1259 1408 1477 1473 aperiens
1495 1408 1654 1455 animo
1673 1406 1881 1472 quietem
1905 1407 2037 1454 daret
2060 1406 2316 1455 inveritate
2338 1404 2567 1469 manenti,
2589 1412 2733 1469 atque

534 1496 609 1546 ita
630 1497 771 1547 vitam
801 1496 1015 1542 servaret.
1081 1488 1481 1538 consentirentne
1517 1488 1732 1536 homines
1769 1485 1831 1535 ad
1859 1486 1983 1543 hec,
2020 1485 2343 1534 dimetientem
2371 1491 2517 1533 artem
2551 1499 2735 1533 servare

538 1592 630 1626 nos
650 1593 712 1625 an
734 1571 904 1623 aliam?
970 1568 1136 1619 Prior.
1170 1567 1312 1617 Hane
1333 1567 1501 1633 ipsam.
1565 1568 1653 1618 So.
1688 1566 1823 1624 Quid
1861 1565 2036 1629 porro?
2069 1564 2111 1614 si
2137 1567 2189 1613 in
2211 1566 2315 1630 ipsa
2338 1565 2463 1628 paris
2482 1565 2735 1629 imparisve

536 1656 768 1705 electione
794 1650 921 1700 salus
939 1648 1051 1696 vitm
1085 1648 1379 1705 consisteret,
1414 1646 1608 1711 quando
1640 1646 1773 1710 quod
1812 1644 1923 1709 plus
1963 1654 2052 1702 est,
2090 1653 2215 1694 recte
2248 1645 2361 1709 eligi
2398 1652 2656 1709 oporteret,
2686 1652 2737 1694 et

532 1734 728 1801 quando
747 1731 877 1797 quod
900 1729 1072 1787 minus,
1092 1728 1169 1777 vel
1208 1727 1363 1792 ipsum
1397 1727 1458 1775 ad
1492 1727 1715 1789 seipsum,
1753 1725 1830 1775 vel
1851 1725 1981 1774 aliud
2015 1726 2137 1773 forte
2170 1726 2232 1774 ad
2266 1724 2418 1788 aliud,
2453 1724 2602 1790 [857]
2636 1726 2737 1774 sire

530 1829 703 1881 prope,
724 1829 806 1862 scu
830 1809 995 1877 procul
1018 1810 1096 1867 sit,
1118 1809 1235 1874 quid
1257 1806 1550 1872 potissimum
1572 1812 1777 1854 nostram
1799 1805 1943 1854 vitam
1966 1806 2205 1855 servaret?
2240 1822 2401 1855 nonne
2421 1804 2653 1854 scientia?
2686 1811 2739 1854 et

532 1911 636 1944 non
651 1892 880 1943 metiendi
901 1891 1116 1956 quidem,
1136 1904 1283 1955 quum
1303 1902 1521 1937 excessus
1541 1893 1686 1950 atque
1707 1886 1924 1935 defectus
1947 1901 2019 1934 ars
2041 1885 2135 1936 ista
2155 1886 2236 1937 sit.
2268 1902 2378 1936 cum
2399 1902 2509 1934 vero
2529 1884 2675 1951 paris,
2689 1892 2740 1935 et

538 1973 726 2040 imparis
746 1971 967 2021 habenda
999 1970 1119 2019 ratio
1140 1968 1222 2032 sit,
1254 1985 1352 2018 non
1383 1967 1494 2025 alia,
1532 1981 1675 2031 quam
1706 1967 1985 2015 numerandi
2016 1966 2230 2017 scientia.
2297 1967 2635 2018 concederent
2651 1968 2739 2015 bo·

543 2056 691 2105 mines
723 2055 843 2110 hate,
876 2068 939 2100 an
967 2051 1102 2100 non?
1167 2050 1336 2101 Pnor.
1366 2048 1564 2113 Absque
1602 2048 1923 2097 controversia
1952 2047 2289 2097 consentirent.
2354 2048 2442 2098 So.
2475 2046 2739 2113 Postquam

538 2151 650 2186 vero
669 2135 795 2184 salus
818 2133 926 2182 vitm
947 2131 1168 2199 apparuit
1196 2132 1250 2181 in
1281 2138 1410 2180 recta
1429 2129 1689 2193 voluptatis
1724 2136 1775 2178 et
1803 2127 1978 2177 doloris
2011 2129 2247 2178 electione
2267 2130 2547 2185 consistere,
2577 2130 2741 2193 quoad

540 2215 675 2284 plura
694 2223 746 2265 et
781 2214 1022 2280 pauciora,
1057 2212 1238 2278 majora
1260 2218 1312 2261 et
1342 2210 1547 2273 minora,
1583 2210 1919 2276 propinquiora
1950 2218 2002 2259 et
2037 2210 2287 2260 remotiora
2325 2210 2545 2274 pertinet,
2577 2224 2742 2259 nonne

436 2287 441 2294 ’
543 2296 823 2348 dimetiendi
844 2294 997 2360 primo
1018 2294 1218 2343 facultas
1238 2308 1453 2343 excessus
1474 2299 1619 2357 atque
1640 2291 1876 2350 defectus,
1910 2291 2290 2356 aequalitatisque
2321 2298 2497 2340 mutum
2517 2291 2743 2341 conside-

541 2377 676 2428 ratrix
696 2377 715 2425 t
782 2376 944 2426 Prior.
978 2375 1189 2426 Necesse
1225 2382 1315 2424 est.
1378 2374 1469 2423 So.
1499 2371 1739 2431 Quoniam
1781 2388 1891 2421 vero
1924 2373 2152 2422 metiendi
2186 2371 2385 2421 facultas
2419 2379 2509 2430 est,
2546 2387 2746 2422 necesse

538 2467 632 2518 est,
669 2465 726 2507 ut
753 2471 827 2507 ars
863 2464 915 2507 et
947 2456 1145 2506 scientia
1180 2456 1258 2509 sit.
1322 2455 1488 2505 Pnor.
1523 2453 1809 2504 Admittent.
1875 2453 1962 2504 So.
1998 2454 2121 2513 Quas
2156 2469 2265 2503 vero
2302 2453 2599 2519 potissimum
2635 2454 2746 2504 hee

546 2539 749 2591 scientia
768 2539 851 2596 sit,
870 2538 987 2587 alias
1007 2537 1422 2589 considerabimus.
1455 2536 1629 2597 sufficit
1645 2536 1696 2583 in
1719 2535 1991 2600 prasentia,
2014 2534 2261 2585 scientiam
2283 2551 2406 2595 esse,
2427 2542 2657 2601 quantum
2679 2536 2748 2585 ad

547 2637 652 2673 eam
673 2628 859 2687 spectat
876 2620 1250 2684 responsionem,
1273 2633 1413 2682 quam
1435 2632 1527 2681 ego
1548 2623 1600 2664 et
1618 2616 1900 2680 Protagoras
1918 2622 2084 2665 vestre
2106 2632 2287 2666 eramus
2302 2616 2552 2681 questioni
2565 2615 2748 2666 daturi.

536 2702 689 2767 -Haec,
711 2702 750 2751 si
771 2700 1100 2758 recordamini,
1117 2707 1217 2750 erat
1236 2698 1454 2764 questio.
1521 2697 1571 2744 N
1573 2712 1627 2744 os
1647 2696 1843 2760 quidem
1864 2696 2204 2754 consensimus,
2224 2696 2342 2745 nihil
2359 2697 2556 2747 scientia
2571 2704 2751 2762 poten-

543 2771 638 2832 tiu's
678 2798 781 2832 esse
801 2802 815 2831 ε
850 2783 994 2830 immo
1033 2795 1232 2844 semper,
1272 2779 1543 2843 ubicunque
1582 2778 1734 2836 adest,
1770 2775 2006 2840 voluptati
2039 2776 2319 2840 cunctisque
2353 2777 2457 2826 aliis
2491 2779 2751 2830 dominari.

546 2873 662 2914 tunc
685 2878 768 2912 vos
789 2862 1047 2928 objecistis,
1068 2861 1358 2925 voluptatem
1386 2873 1709 2924 sepenumero
1740 2856 1909 2906 scienti
1941 2856 2121 2906 homini
2140 2858 2389 2909 dominari.
2454 2859 2601 2917 Quod
2635 2876 2755 2909 cum

547 2944 684 2993 vobis
704 2958 1003 3009 nequaquam
1023 2944 1257 3000 daremus,
1277 2940 1432 2990 statim
1457 2955 1542 2990 vos
1558 2939 1627 2988 ita
1646 2937 1876 3002 rogastis:
1910 2937 1956 2987 Ο
1990 2937 2248 3002 Protagora
2272 2944 2415 3002 atque
2436 2937 2678 3003 Socrates,
2715 2940 2758 2991 ai

538 3027 642 3074 hoe
661 3040 759 3075 non
780 3034 855 3077 est
875 3041 904 3074 0
923 3024 1244 3089 voluptatibus
1264 3022 1490 3088 superari,
1524 3022 1608 3071 sed
1630 3019 1761 3069 aliud
1794 3019 2042 3085 quiddam,
2075 3018 2311 3068 declarate
2332 3034 2417 3067 vos
2446 3018 2563 3082 quid
2595 3017 2752 3072 istud.

550 3105 605 3154 Si
624 3104 757 3158 illico
774 3107 910 3157 vobis
927 3105 1346 3171 respondissemus,
1367 3102 1601 3153 inscitiam
1617 3116 1739 3165 esse,
1769 3115 1857 3149 nos
1875 3100 2092 3165 protinus
2113 3097 2342 3148 risissetis.
2374 3113 2506 3147 nunc
2524 3107 2690 3149 autem
2714 3101 2757 3150 si

546 3203 640 3237 nos
661 3188 909 3251 deridetis,
927 3204 1015 3236 vos
1033 3201 1224 3250 qnoque
1244 3185 1374 3249 ipsos
1395 3181 1665 3233 irridebitis.
1729 3179 1838 3245 Ipsi
1860 3178 1987 3229 enim
2005 3194 2092 3227 vos
2110 3178 2255 3242 paulo
2268 3187 2380 3228 ante
2394 3178 2600 3229 confessi
2616 3183 2752 3243 φῶ,

548 3269 744 3319 defectu
766 3266 977 3317 scientim
997 3266 1207 3313 aberrare
1227 3264 1355 3321 illos,
1375 3265 1459 3329 qni
1480 3264 1861 3328 in·voluptatum
1881 3268 1931 3311 et
1951 3260 2167 3310 dolorum
2186 3261 2422 3312 electione
2441 3262 2749 3328 delinquunt.

551 3365 612 3401 ea
632 3363 742 3398 vero
764 3348 890 3396 bona
909 3350 1037 3401 sunt,
1059 3349 1110 3391 et
1132 3342 1271 3391 maia.
1334 3341 1723 3404 Neque-defectu
1745 3342 1957 3392 scientim
1981 3349 2164 3392 tantum
2192 3342 2396 3402 dixistis,
2434 3343 2518 3392 sed
2550 3344 2749 3395 ulterius

546 3428 815 3484 addidistis,
835 3425 1026 3473 defectu
1049 3421 1230 3471 seilicet
1260 3420 1477 3470 scientim·
1503 3418 1745 3470 metiendi.
1812 3421 1958 3472 Actio
1988 3429 2147 3473 autem
2182 3424 2417 3486 aberrans,
2453 3425 2633 3490 absque
2655 3427 2750 3476 sci·

548 3510 696 3569 entia,
715 3515 772 3557 ut
791 3512 843 3555 et
862 3518 946 3552 vos
966 3517 1063 3551 non
1084 3501 1218 3561 latet,
1239 3503 1300 3551 ab
1320 3501 1507 3550 inscitia
1529 3501 1762 3566 provenit.
1794 3512 2083 3568 quapropter
2102 3505 2232 3568 quod
2253 3505 2353 3554 dici
2373 3505 2509 3565 solet,
2526 3521 2558 3555 a
2573 3507 2746 3574 volup-

551 3590 726 3640 tatibus
744 3584 968 3652 superari,
986 3590 1193 3633 extrema
1207 3582 1398 3633 inscitia
1417 3590 1523 3633 est:
1558 3588 1700 3648 quam
1721 3581 1871 3631 veluti
1892 3585 2104 3633 morbum
2127 3584 2407 3651 Protagoras
2426 3586 2524 3645 bic,
2556 3594 2609 3636 et
2628 3586 2748 3637 Pro-

550 3672 705 3733 dicus,
723 3675 776 3718 et
794 3665 1006 3731 Hippias
1025 3672 1265 3714 curaturos
1297 3679 1360 3725 se,
1379 3663 1518 3729 quasi
1535 3663 1748 3713 medicos
1770 3663 2066 3729 profitentur.
2131 3665 2233 3716 Vos
2255 3674 2433 3729 autem,
2466 3667 2579 3731 quia
2614 3668 2746 3717 aliud

551 3750 779 3818 quiddam
795 3762 897 3797 esse
918 3749 1011 3796 boc
1026 3761 1166 3810 quam
1184 3744 1418 3796 inscitiam
1439 3744 1724 3809 opinamini,
1752 3760 1910 3810 neque
1929 3762 2014 3795 vos
2040 3746 2189 3812 ipsos,
2220 3742 2378 3811 neque
2404 3747 2529 3797 filios
2550 3757 2748 3808 vestros,

551 3832 683 3881 bisce
704 3828 926 3895 sophistis
957 3842 1108 3877 rerum
1135 3828 1298 3875 barum
1335 3824 1609 3876 doctoribus
1644 3826 1876 3877 curandos
1906 3827 2108 3885 traditis,
2141 3827 2278 3892 quasi
2297 3829 2445 3877 virtus
2466 3829 2628 3878 doceri
2648 3844 2748 3878 non

549 3911 716 3977 possit.
747 3910 852 3974 sed,
884 3924 995 3959 cum
1017 3907 1229 3973 pecuniis
1263 3906 1551 3971 indulgeatis
1567 3907 1777 3973 *nimium
1803 3923 1958 3972 neque
1990 3908 2251 3957 mercedem
2284 3908 2358 3957 his
2379 3909 2748 3974 preceptoribus

551 3991 776 4049 offeratis,
799 3989 1012 4055 privatim
1032 3987 1315 4053 publiceque
1336 3988 1631 4053 delinquitis.
1695 3988 1816 4039 Hac
1837 3989 1979 4053 plane
1994 3989 2141 4054 vulgo
2154 3988 2570 4054 respondissemus.
2596 3989 2744 4054 [838]

551 4072 698 4123 Nunc
719 4078 877 4121 autem
897 4084 982 4119 vos
1002 4069 1210 4129 etiamst
1230 4069 1436 4121 Prodiee
1458 4076 1603 4136 atque
1623 4070 1826 4136 Hippia,
1843 4085 1940 4119 una
1960 4086 2070 4120 cum
2092 4070 2351 4135 Protagora
2370 4072 2461 4118 hoc
2477 4079 2746 4135 percontor,

553 4151 843 4219 (communis
876 4149 1002 4200 enim
1023 4150 1161 4199 vobis
1186 4150 1268 4200 hic
1306 4150 1503 4217 sermo,)
1536 4149 1754 4216 nunquid
1793 4166 1903 4201 vera
1935 4151 2072 4201 vobis
2109 4150 2241 4217 loqui
2271 4151 2450 4208 videar,
2491 4167 2553 4199 an
2591 4149 2746 4200 falsa?

551 4232 681 4283 Vere
711 4232 966 4281 admodum
1001 4229 1131 4279 dicta
1163 4225 1266 4280 esse
1302 4231 1559 4296 superiora,
1579 4232 1732 4282 visum
1769 4240 1844 4282 est
1879 4231 2112 4282 omnibus.
2176 4232 2454 4283 conceditis
2474 4230 2638 4296 igitur,
2671 4232 2745 4279 in·

550 4329 715 4381 quam,
737 4313 866 4379 quod
883 4311 1151 4377 jucundum
1184 4318 1276 4376 eat,
1309 4327 1411 4363 ease
1431 4313 1628 4377 bonum,
1665 4314 1795 4378 quod
1817 4313 1965 4371 triste,
1984 4312 2175 4365 malum.
2243 4311 2614 4362 Distinctionem
2635 4326 2745 4361 vero

550 4392 684 4444 illam
705 4394 964 4451 nominum,
987 4407 1128 4457 quam
1150 4392 1380 4442 Prodicus
1402 4394 1481 4444 hic
1501 4394 1726 4444 inducere
1762 4394 1901 4459 solet,
1938 4393 2122 4459 rejicio,
2160 4393 2362 4460 ejusque
2399 4392 2586 4457 requiro
2601 4391 2745 4458 'judi-

550 4472 695 4530 cium.
759 4477 858 4528 aive
880 4474 1007 4524 enim
1027 4473 1359 4540 voluptarium,
1388 4475 1488 4525 sire
1527 4474 1827 4541 delectabile,
1867 4486 1948 4526 seu
1989 4475 2164 4534 laetum,
2201 4490 2286 4525 seu
2315 4473 2756 4539 quomodocunque.
