2917 4975
554 444 665 504 120
1436 430 1839 497 PLAT0N1s
2566 512 2571 519 .
2592 432 2751 514 [ιω

523 593 733 660 ‘aequsle
752 592 925 658 pariter
939 598 989 641 et
1007 588 1259 655 inoequsle,
1281 592 1381 637 tum
1403 588 1515 655 sibl,
1533 594 1633 638 tum
1655 588 1800 638 etism
1820 587 2025 640 ceteris?
2079 589 2148 639 At
2166 602 2266 655 quo
2287 583 2465 654 pecto?
2515 589 2567 640 Si
2588 592 2741 657 msjas

548 682 688 731 esset,
710 673 784 722 vel
806 673 960 721 minus
977 687 1140 729 unum,
1161 686 1304 734 quam
1326 670 1438 728 elia,
1458 677 1544 719 sut
1563 669 1658 718 alia
1676 685 1832 719 rursus
1855 670 2050 734 majore,
2086 671 2186 720 sive
2213 670 2410 735 minore,
2439 686 2582 735 quem
2603 672 2741 731 iliud,

547 770 644 803 non
663 754 827 817 utique
846 768 994 800 unum
1012 766 1071 799 ex
1087 766 1147 800 eo
1168 752 1298 815 quod
1319 765 1484 813 unum,
1502 758 1555 799 et
1572 750 1668 799 alix
1686 766 1743 799 ex
1766 766 1825 800 eo
1859 752 1986 815 quod
2019 751 2131 808 siis,
2164 766 2306 815 quem
2338 766 2507 815 unum,
2536 760 2623 801 aut
2641 768 2739 801 mn-

541 832 651 896 jora
670 840 754 880 eut
772 832 954 881 minore
973 832 1175 881 invicem
1214 844 1272 880 ex
1309 830 1425 894 ipsis
1452 831 1552 879 suis
1580 831 1798 880 essentiis
1832 838 1992 880 essem
2020 832 2039 879 ?
2072 847 2231 881 verum
2264 831 2305 880 si
2337 840 2507 896 preter
2537 833 2742 882 rationes

547 926 655 961 suss
675 920 872 977 utraque
895 911 1213 977 equalitatem
1244 912 1439 976 insuper
1469 912 1713 970 haberent,
1744 912 1949 977 aqualia
1968 911 2173 962 invicem
2203 912 2497 963 exsisterent.
2527 912 2601 961 sin
2634 914 2739 963 hnc

547 994 740 1058 quidem
757 992 1147 1057 magnitudinum
1167 991 1249 1041 ills
1267 991 1564 1056 parvitatem,
1583 999 1668 1041 eut
1683 992 1843 1056 ipsum
1866 1008 2011 1042 unum
2039 992 2434 1056 magnitudinem,
2466 993 2560 1041 alia
2580 994 2739 1057 parvi·

545 1082 692 1122 tatem
711 1074 968 1122 haberent:
1003 1070 1268 1136 cuicunque
1289 1072 1470 1137 speciei
1497 1073 1775 1136 magnitudo
1806 1075 2015 1133 adesset,
2050 1073 2202 1137 major
2231 1072 2506 1136 exsisteret;
2537 1073 2734 1123 cuicun-

544 1171 642 1221 que
659 1155 878 1219 parvitas,
898 1152 1068 1203 minor.
1101 1152 1328 1203 Necesse.
1360 1152 1541 1203 Nonne
1561 1160 1673 1202 sunt
1689 1153 1798 1202 dun
1826 1153 2045 1219 quaedxrn
2080 1153 2351 1216 hujusmodi
2377 1154 2581 1217 species,
2607 1169 2736 1219 meg-

546 1236 719 1284 nitudo
738 1242 790 1283 et
807 1234 1043 1297 parvitas?
1074 1234 1247 1284 etenim
1269 1233 1361 1282 nisi
1381 1240 1558 1291 essent,
1578 1249 1821 1299 nunqusm
1841 1235 2088 1284 centurio
2119 1235 2321 1284 invicem
2354 1232 2646 1290 exsisterent,
2678 1248 2736 1281 sc

545 1318 684 1365 rebus
703 1314 819 1377 ipsis
837 1313 1062 1363 inessent.
1129 1313 1233 1371 Est,
1268 1321 1325 1362 ut
1353 1314 1493 1365 dicis.
1529 1314 1679 1379 [150]
1712 1313 1865 1378 Igitur
1894 1312 1936 1363 si
1964 1315 2048 1362 uni
2080 1313 2283 1374 psrvitas
2312 1314 2515 1369 aceedit.
2535 1313 2610 1361 vel
2649 1312 2739 1361 tuti

546 1397 651 1455 uni,
674 1395 749 1443 vel
770 1393 893 1458 perti
911 1392 1118 1457 cuipiam
1139 1394 1331 1441 insidet.
1364 1393 1716 1441 Necessarium.
1746 1395 1801 1442 Si
1829 1393 1916 1441 toti
1944 1390 2186 1448 insederit,
2207 1389 2284 1438 vel
2303 1405 2441 1453 teque
2460 1391 2736 1441 extensiorw

515 1485 528 1499 ³
545 1492 632 1542 per
658 1476 891 1538 integrum
930 1488 1078 1521 unum
1113 1471 1243 1520 intus
1275 1470 1655 1534 amplificabitur,
1692 1471 1768 1520 vei
1803 1470 2004 1519 externis
2047 1468 2278 1519 limitibus
2310 1469 2735 1535 circumplectetur.

546 1557 713 1606 Plane.
779 1552 851 1600 Ex
874 1567 1012 1616 equo
1031 1552 1245 1616 profecto
1267 1552 1351 1601 uni
1370 1551 1529 1599 infun
1550 1550 1771 1615 parvitas,
1796 1550 1992 1616 aequeiis
2013 1549 2177 1615 procul
2205 1549 2354 1599 dubio
2375 1550 2459 1599 uni
2480 1551 2572 1600 erit
2592 1568 2607 1599 ε
2639 1550 2728 1601 cir·

543 1633 869 1698 complectens
890 1639 1064 1694 sutem,
1084 1631 1251 1695 major.
1281 1631 1501 1689 Quidni?
1534 1629 1665 1679 Num
1685 1631 1813 1694 potis
1834 1640 1908 1680 est
1929 1631 2135 1695 parvitas
2155 1629 2350 1695 aqualia
2369 1630 2588 1695 cuiquem
2609 1648 2730 1689 esse,

543 1716 620 1763 vel
636 1712 868 1775 amplior?
899 1710 1191 1774 effectusque
1208 1710 1546 1775 magnitudinis
1565 1718 1615 1758 et
1637 1710 1921 1775 equalitatis
1942 1712 2131 1775 intem,
2148 1718 2200 1761 et
2218 1712 2280 1760 ab
2300 1711 2457 1761 officio
2476 1726 2563 1762 suo
2584 1713 2731 1763 dctis·-

545 1794 679 1844 tere?
711 1793 956 1855 Impotens
975 1790 1139 1855 procul
1159 1790 1324 1840 dubio.
1360 1791 1504 1839 Unde
1524 1791 1840 1856 concluditur,
1871 1792 1923 1841 in
1945 1800 2048 1842 toto
2085 1808 2182 1841 uno
2213 1791 2488 1857 parvitatem
2509 1808 2613 1842 ease
2632 1809 2732 1843 non

547 1890 704 1940 posse.
736 1877 881 1920 restat
910 1869 1126 1933 forsitan,
1154 1877 1209 1917 ut
1231 1869 1294 1918 sit
1324 1870 1375 1918 in
1400 1879 1548 1935 parte.
1602 1869 1789 1922 Restat.
1836 1871 1950 1921 Non
1990 1881 2148 1922 tamen
2185 1873 2237 1922 in
2258 1879 2359 1921 tots
2380 1879 2531 1937 parte.
2562 1875 2730 1924 eadem

545 1970 684 2018 porro
702 1952 907 2002 efficeret
925 1950 1145 1999 adversus
1163 1958 1361 2014 purtem,
1381 1967 1491 2016 qum
1512 1960 1563 2002 et
1585 1953 1808 2002 adversus
1828 1959 1981 2003 totum
2002 1954 2243 2004 effecerat.
2273 1953 2455 2018 quippe
2472 1952 2547 2002 vel
2570 1969 2731 2018 mque-

542 2035 603 2084 lis
622 2032 728 2092 erit',
749 2031 824 2080 vel
844 2029 995 2096 major
1012 2029 1097 2079 ius
1123 2030 1229 2094 ipss
1248 2038 1401 2096 perte,
1429 2033 1698 2098 cuicunque
1718 2032 1848 2082 insit.
1896 2033 2180 2083 Necessario
2207 2033 2432 2096 sequitur.
2477 2032 2619 2082 Nulli
2638 2034 2728 2099 igi.

544 2123 620 2164 tur
637 2129 845 2179 unquam
867 2112 934 2161 rei
955 2111 1158 2177 parvitas
1180 2112 1441 2172 inhorebit‚
1473 2129 1581 2163 curn
1609 2130 1765 2180 neque
1793 2114 1932 2179 perti,
1966 2130 2122 2179 neque
2155 2115 2245 2163 toti
2271 2115 2512 2163 inherent.
2544 2129 2603 2163 ex
2633 2130 2731 2179 qno

542 2195 615 2253 fit,
633 2203 687 2242 ut
706 2194 824 2242 nihil
845 2193 1052 2242 futurum
1085 2194 1146 2243 sit
1167 2209 1377 2259 pervum,
1397 2201 1567 2260 proter
1586 2195 1836 2259 ipsammet
1854 2195 2147 2260 parvitatem.
2176 2194 2397 2245 Videtur.
2443 2194 2540 2243 Sed
2571 2211 2731 2259 neque

543 2275 686 2324 etiem
706 2273 985 2340 magnitudo
1005 2275 1182 2325 inerit:
1217 2276 1398 2341 quippe
1430 2276 1562 2326 aliud
1593 2277 1848 2342 quidquem
1878 2283 2047 2342 preter
2076 2277 2328 2341 ipssmmet
2356 2275 2731 2339 magnitudinem

541 2354 694 2419 rnsjus
714 2363 853 2413 esset,
875 2362 1047 2420 utputa
1067 2356 1135 2419 id,
1155 2356 1233 2406 cui
1254 2356 1394 2407 inerit
1411 2358 1707 2422 magnitudo.
1739 2366 2057 2408 verumtamen
2093 2356 2212 2406 nihil
2246 2364 2319 2406 est
2352 2372 2566 2422 parvum,
2596 2356 2731 2422 quod

509 2436 516 2447 ‘
540 2436 732 2502 quidem
752 2435 961 2502 super-eri
981 2443 1168 2501 oportet
1185 2453 1216 2487 s
1235 2453 1425 2504 msgno,
1462 2438 1503 2488 si
1524 2439 1640 2505 quid
1662 2455 1884 2505 magnum
1907 2438 1986 2489 sit.
2016 2437 2192 2489 etenim
2224 2452 2321 2504 quo
2353 2444 2495 2502 pecto
2530 2451 2730 2502 parvum

538 2516 730 2579 aliquod
752 2516 971 2579 reperies,
992 2531 1099 2565 cum
1121 2517 1324 2578 parvitas
1344 2519 1395 2567 in
1415 2519 1548 2568 nullo
1569 2520 1809 2569 resident?
1856 2520 1985 2571 Vera
2014 2518 2233 2584 loqueris.
2282 2518 2415 2575 Quin
2432 2516 2577 2567 etism
2598 2533 2732 2582 ning-

540 2595 711 2643 nitudo
732 2594 835 2657 ipss
854 2594 986 2642 nulio
1008 2595 1098 2642 erit
1129 2595 1225 2644 alio
1259 2597 1423 2660 major,
1455 2614 1597 2662 quem
1632 2600 1895 2661 parvitatet
1930 2615 2087 2663 neque
2118 2598 2325 2663 parvitas
2343 2598 2450 2662 ipen
2480 2598 2576 2648 ulio
2606 2614 2731 2664 quo-

536 2675 681 2738 piem.
714 2687 855 2735 quun
876 2671 981 2734 ipse
1002 2673 1347 2736 magnitudine,
1384 2676 1550 2722 minor.
1593 2675 1762 2723 Nullo.
1811 2677 2131 2732 Quamobrem
2167 2684 2326 2725 cetere
2360 2685 2529 2740 preter
2556 2693 2727 2737 unum,

535 2767 692 2816 nequa
714 2750 908 2814 majore,
928 2764 1085 2814 neque
1111 2749 1309 2806 minore,
1330 2766 1472 2815 quarn
1491 2767 1659 2813 unum,
1690 2761 1845 2811 erunt,
1877 2767 1985 2801 curn
2018 2752 2356 2817 meguitudinis
2385 2758 2733 2822 puritatisque

535 2832 746 2898 expert'n
765 2831 877 2880 sint.
905 2844 1063 2894 neque
1082 2829 1327 2878 habebunt
1344 2831 1448 2880 δυο
1469 2832 1566 2880 duo
1586 2833 1810 2881 adversus
1831 2832 1985 2895 ipsum
2007 2846 2155 2880 unum
2175 2834 2273 2882 vim
2293 2833 2631 2901 aliquamque
2654 2838 2729 2888 vel

534 2914 782 2970 excedant,
801 2910 877 2960 vel
893 2910 1198 2974 exceduntur,
1217 2910 1302 2959 sed
1321 2911 1524 2961 inter⁰se
1550 2911 1656 2977 ipsa
1684 2912 1737 2961 id
1763 2912 1983 2963 efficient.
2015 2927 2172 2977 neque
2203 2912 2345 2962 etism
2371 2913 2523 2976 ipsum
2556 2931 2745 2996 unum‘

535 3002 619 3044 aut
639 2993 768 3042 hisee
802 2991 1005 3050 dnobus,
1034 2997 1119 3039 sut
1145 2989 1251 3039 sliis
1277 2991 1569 3055 quibuslibet
1597 2991 1772 3057 majus,
1804 2992 1880 3041 vel
1912 2992 2064 3041 minus
2093 2993 2216 3044 erit:
2249 3000 2418 3057 utpote
2454 2994 2588 3058 quod
2628 3004 2727 3046 tum

533 3073 888 3139 magnitudinis,
907 3087 1048 3137 quam
1070 3071 1332 3138 parvitatis,
1350 3079 1424 3121 est
1445 3089 1626 3137 expers.
1692 3072 1772 3123 Sic
1794 3072 1958 3139 utique
1980 3081 2193 3138 epperet.
2257 3073 2473 3137 Ideoque
2493 3089 2605 3124 cum
2634 3093 2724 3127 nec

531 3156 685 3220 majus
705 3170 795 3204 nec
816 3153 970 3202 minus
988 3153 1050 3202 sit
1072 3167 1234 3210 unum,
1255 3169 1397 3218 quum
1419 3161 1595 3219 cetera,
1625 3169 1716 3203 nec
1747 3154 1988 3220 superabit
2007 3154 2118 3213 slis,
2152 3169 2308 3219 neque
2326 3155 2389 3202 ab
2409 3151 2513 3203 aliis
2531 3171 2721 3221 supers-

530 3237 674 3286 bitur.
739 3235 936 3297 Absque
955 3233 1122 3283 dubio.
1186 3232 1366 3284 Nonne
1385 3235 1515 3300 quod
1540 3251 1630 3286 nec
1650 3243 1857 3301 superat,
1877 3250 1967 3287 nee
1988 3243 2248 3301 superatur.
2279 3235 2544 3284 necessario
2565 3237 2721 3302 sequi·

531 3324 624 3378 tur,
657 3320 713 3362 ut
745 3326 882 3376 aque
919 3326 970 3359 se
990 3311 1199 3359 habeat?
1230 3313 1341 3360 etsi
1372 3328 1528 3377 eque,
1559 3323 1615 3363 ut
1643 3315 1826 3380 equale
1857 3316 1954 3365 sit?
2002 3317 2173 3368 Immo.
2221 3315 2454 3366 Praeterea
2487 3323 2539 3366 et
2570 3318 2633 3365 sd
2669 3331 2720 3366 se

533 3396 689 3459 ipsum
709 3390 756 3441 si
776 3406 828 3440 se
848 3391 1002 3455 ipsum
1026 3404 1172 3438 unum
1193 3392 1355 3454 habet,
1375 3399 1430 3441 ut
1449 3409 1616 3457 expers
1636 3403 1687 3443 et
1705 3396 2043 3461 magnitudinis
2069 3404 2121 3446 et
2151 3396 2409 3462 parvitatis,
2440 3412 2531 3446 nec
2561 3413 2615 3446 se
2646 3396 2718 3461 ip-

532 3490 633 3522 sum
655 3477 921 3536 exsuperet,
941 3484 1032 3519 nec
1051 3485 1080 3518 s
1112 3485 1164 3518 se
1184 3470 1291 3535 ipso
1311 3481 1633 3537 exsuperetur,
1671 3478 1755 3525 sed
1776 3492 1911 3541 seque
1930 3492 1980 3526 se
2001 3478 2201 3541 hebens,
2224 3477 2406 3543 equale
2427 3492 2611 3541 semper
2630 3476 2718 3527 sibi

530 3553 608 3603 sit.
674 3553 740 3601 Et
775 3550 975 3599 maxime
1003 3549 1213 3614 quidem·
1276 3551 1448 3617 Itnque
1481 3569 1627 3604 unum
1666 3557 1757 3605 sibi
1783 3557 2046 3623 ceterisque
2077 3557 2277 3623 equale.
2339 3557 2559 3607 Videtur.
2625 3558 2720 3608 Ve-

529 3641 788 3682 rumtsmen
808 3645 917 3680 eum
938 3628 1157 3680 nnumin
1191 3647 1244 3681 se
1277 3632 1384 3697 ipso
1406 3633 1488 3699 sit,
1504 3635 1794 3687 extrinsecus
1810 3653 1913 3687 sese
1945 3637 2130 3704 circuit,
2156 3646 2302 3703 etque
2323 3639 2390 3686 ita
2408 3652 2461 3686 se
2476 3637 2715 3702 complec-

530 3721 653 3769 tens,
670 3728 721 3761 se
740 3712 849 3776 ipso
870 3709 1072 3776 amplius
1091 3718 1274 3764 exstet:
1308 3729 1514 3780 cumque
1543 3716 1685 3766 etism
1706 3719 2151 3784 comprehendatur,
2182 3719 2425 3784 angustius
2444 3726 2534 3770 est.
2566 3719 2717 3784 [161]

527 3807 625 3855 quo
641 3791 713 3850 fit.
733 3798 791 3840 ut
809 3807 952 3841 unum
974 3799 1073 3840 tum
1088 3791 1259 3856 majus,
1279 3801 1378 3842 mm
1401 3795 1547 3844 etiarn
1566 3798 1726 3848 minus
1755 3815 1807 3848 se
1841 3799 1947 3863 ipso
1977 3800 2054 3850 sit.
2097 3799 2177 3849 Fit
2196 3801 2380 3866 utique.
2426 3798 2604 3850 Nonne
2626 3802 2719 3851 hoc

525 3886 718 3937 quoque
739 3870 1048 3921 necessarium
1068 3873 1295 3930 etmihi!
1313 3873 1500 3925 scilicet
1531 3885 1697 3939 proter
1717 3895 1864 3929 unum
1895 3887 1947 3929 et
1978 3879 2069 3928 slis
2100 3880 2322 3943 reperiri?
2368 3878 2719 3932 Necessarium.

524 3949 667 4008 Item,
688 3951 920 4016 quidquid
940 3962 1032 4015 est,
1066 3967 1129 4001 sn
1148 3968 1247 4002 non
1267 3969 1453 4024 semper
1481 3956 1659 4006 alicubi
1689 3974 1793 4009 esse
1829 3961 2052 4024 oportet?
2083 3960 2309 4024 Oportet.
2340 3960 2562 4025 Insuper,
2584 3964 2717 4027 quod

523 4030 576 4079 in
598 4031 757 4095 aliquo
777 4042 868 4088 est,
889 4046 1048 4081 nonne
1067 4049 1251 4099 semper
1269 4034 1320 4083 in
1342 4034 1511 4099 majori
1529 4037 1723 4088 minus?
1754 4055 1911 4105 neque
1931 4038 2059 4089 enim
2076 4040 2211 4090 aliter
2229 4040 2362 4090 eliud
2381 4048 2508 4090 emet
2528 4042 2580 4091 in
2600 4043 2713 4093 aiio.

523 4111 631 4175 Est,
660 4111 789 4176 quod
811 4109 950 4160 dicia.
980 4112 1234 4178 Postquam
1257 4131 1368 4165 vero
1388 4117 1508 4165 nihii
1530 4127 1603 4167 est
1632 4126 1802 4184 praeter
1832 4135 1978 4169 unum
2007 4129 2059 4170 et
2084 4121 2196 4179 alia,
2231 4128 2515 4186 oportetque
2551 4122 2643 4172 ista
2662 4122 2713 4171 in

522 4192 683 4257 aliquo
702 4205 823 4249 esse,
844 4206 1004 4240 nonne
1025 4192 1074 4240 in
1093 4209 1145 4241 se
1167 4194 1367 4246 invicem
1389 4199 1494 4247 hoc
1520 4197 1727 4248 vicissim
1749 4215 1852 4250 esse
1875 4216 2066 4252 neeesse
2089 4202 2198 4250 est?
2231 4202 2419 4266 elinque
2440 4203 2492 4252 in
2513 4218 2629 4267 uno,
2662 4211 2716 4253 et

519 4272 572 4321 in
594 4271 700 4321 aliis
720 4271 903 4320 unum?
933 4280 1017 4320 sut
1045 4288 1273 4338 nusquam
1304 4290 1492 4340 prorsus
1520 4278 1778 4330 exsistere?
1828 4280 2045 4331 Constet.
2090 4283 2220 4341 Quia
2250 4295 2364 4346 ergo
2397 4296 2548 4332 unum
2568 4291 2644 4332 est
2661 4283 2714 4332 in

524 4352 647 4410 xiiis,
675 4352 856 4403 idcirco
887 4351 981 4401 alia
1006 4352 1182 4417 major·
1211 4364 1340 4420 sunt,
1366 4369 1511 4421 quam
1536 4374 1700 4419 unum,
1738 4368 1907 4425 utpote
1944 4377 2052 4426 quo
2082 4378 2227 4411 unum
2249 4362 2531 4413 continent:
2565 4379 2710 4413 unum

525 4437 679 4480 sutem
699 4430 804 4484 aliis
824 4431 997 4496 minus,
1019 4450 1078 4486 ex
1098 4450 1158 4486 eo
1177 4437 1304 4502 quod
1327 4437 1629 4495 contineturz
1665 4440 1779 4509 quis
1800 4457 1910 4493 vero
1935 4441 2029 4494 slis
2048 4443 2101 4495 in
2136 4457 2231 4495 uno
2264 4450 2393 4503 sunt,
2430 4458 2579 4496 unum
2612 4445 2715 4496 aliis
