2917 4975
521 451 603 511 94
1405 442 1806 506 Puroms
2315 534 2327 541 .
2568 443 2723 525 1¹⁷³

522 603 648 653 enim
675 601 949 651 dicebamus
981 597 1141 654 modo,
1177 597 1308 663 quod
1343 596 1515 664 ingens
1550 598 1790 663 quoddam
1812 594 1955 646 nobis
1971 603 2097 647 esset
2114 594 2430 661 temperantia
2447 596 2650 659 bonnm,
2681 595 2718 645 si

520 683 630 733 talis
650 689 790 739 esset,
805 696 969 745 regens
992 679 1392 744 dispensationem
1413 680 1643 745 aliquam,
1674 679 1963 742 domumque
1993 685 2045 727 et
2062 676 2321 735 civitatem,
2354 678 2481 726 haud
2505 685 2656 740 recte,
2686 693 2715 725 o

524 763 690 819 Critia,
730 761 1016 810 concessisse
1057 760 1284 813 videmur.
1348 760 1471 810 Cnr.
1524 760 1842 819 Quamobrem
1862 760 1880 806 ἓ
1947 760 2033 807 So.
2067 758 2305 816 Quoniam
2349 758 2493 807 facile
2521 756 2718 809 nimium

525 841 823 903 asseruimus,
842 842 1017 889 bonum
1039 840 1205 905 ingens
1231 841 1329 889 fore
1350 840 1640 902 bominibus,
1664 839 1704 887 si
1725 848 1934 888 nostrum
1958 839 2153 903 singuli,
2172 854 2281 903 quas
2302 839 2494 903 quidem
2518 853 2721 905 cognos-

524 930 657 980 cunt,
678 922 890 987 egerint:
922 937 1030 986 quae
1051 936 1161 970 vero
1186 922 1421 984 ignorant,
1458 921 1717 970 scientibus
1751 920 1855 969 aliis
1885 921 2171 985 quibusdam
2203 919 2537 969 commiserint.
2603 918 2724 969 Cat·

523 1003 702 1053 Nonne
725 1011 850 1053 recte
869 1004 973 1052 hnc
994 1010 1166 1052 asserta
1187 1003 1334 1051 sunt?
1399 1002 1487 1052 80.
1520 1001 1653 1059 Non,
1677 1010 1733 1049 ut
1755 1002 1871 1051 mihi
1890 1001 2091 1051 videtur.
2158 1000 2278 1052 cm.
2311 1000 2528 1048 Absurde
2562 1013 2723 1049 revera

489 1085 749 1150 —loqueris,
769 1084 1000 1134 Socrates.
1065 1083 1151 1132 80.
1185 1083 1277 1132 Per
1315 1083 1514 1141 Canem,
1550 1082 1619 1130 ita
1641 1083 1688 1130 in
1712 1082 1964 1146 presentia
1986 1082 2100 1130 mihi
2121 1081 2325 1131 videtur.
2359 1088 2411 1129 et
2441 1095 2597 1144 nuper
2618 1079 2720 1128 ani·

523 1166 817 1221 madvertens
835 1164 1028 1229 inquam
1049 1164 1250 1212 absurda
1270 1165 1488 1229 quaedam
1510 1179 1767 1222 occurrere,
1806 1179 1974 1228 meque
1994 1164 2176 1219 timere,
2196 1178 2259 1210 ne
2280 1163 2435 1210 minus
2454 1168 2583 1210 recte
2603 1175 2721 1213 con·

524 1246 848 1295 sideraremus.
876 1260 1036 1294 revera
1056 1244 1200 1302 enim,
1223 1245 1262 1292 si
1283 1244 1390 1293 talis
1410 1252 1483 1294 est
1503 1245 1831 1308 temperantia,
1863 1244 1988 1292 haud
2013 1259 2127 1293 sane
2150 1243 2297 1307 [1⁷8]
2333 1243 2472 1292 video
2492 1241 2611 1307 quid
2636 1257 2721 1289 no-

525 1329 599 1378 bis
617 1328 782 1377 afferat
800 1328 933 1378 boni.
997 1326 1119 1376 Car.
1153 1325 1264 1383 Qua
1290 1327 1472 1376 ratione
1503 1326 1666 1388 dicas3
1701 1334 1755 1374 ut
1786 1333 1837 1375 et
1857 1342 1963 1383 nos,
2003 1324 2120 1390 quid
2153 1324 2345 1382 sentias,
2366 1337 2724 1387 cognoscamus.

526 1410 611 1460 So.
645 1409 940 1473 Nugatnrurn
974 1407 1170 1472 quidem
1206 1422 1284 1456 me
1321 1407 1536 1456 arbitror.
1570 1423 1763 1457 necesse
1784 1416 1963 1466 tamen,
2006 1406 2133 1471 quod
2157 1405 2375 1464 occurrit,
2396 1403 2723 1453 considemrez

525 1508 682 1558 neque
703 1491 870 1539 frustra
890 1505 947 1539 ac
968 1498 1142 1538 temere
1161 1488 1418 1552 praeterire,
1452 1488 1496 1536 si
1517 1487 1625 1553 quis
1645 1488 1795 1552 ipsius
1816 1502 2010 1552 quoquo
2033 1487 2176 1535 modo
2197 1485 2340 1534 habet
2358 1500 2535 1535 curam.
2597 1483 2719 1533 Car.

525 1571 655 1621 Scite
676 1571 897 1635 loqueris.
961 1570 1049 1619 80.
1082 1567 1217 1618 Audi
1228 1569 1332 1633 jam
1352 1585 1508 1618 meum
1531 1568 1782 1627 somnium,
1805 1568 1904 1618 sive
1926 1584 2009 1632 per
2031 1582 2198 1629 cornu,
2219 1583 2301 1616 seu
2322 1582 2407 1633 per
2421 1567 2542 1615 ebur
2569 1580 2725 1614 omer-

524 1652 662 1701 serit:
719 1651 771 1699 Si
793 1652 920 1699 enirn
942 1651 1078 1699 nobis
1097 1666 1238 1714 quam
1260 1650 1460 1700 maxime
1482 1650 1800 1698 dominaretur
1816 1648 2144 1713 temperantia,
2182 1647 2290 1697 talis
2321 1647 2568 1707 exsistens,
2602 1660 2719 1711 qna·

527 1728 619 1778 lem
641 1731 783 1778 modo
804 1730 1130 1787 describimus,
1151 1730 1313 1793 utique
1337 1731 1599 1781 secundum
1621 1730 1842 1779 scientias
1853 1737 2043 1794 ageret:
2078 1745 2234 1794 neque
2252 1728 2423 1793 aliquis
2438 1728 2724 1791 gubernato-

526 1824 621 1861 rem
643 1824 746 1858 esse
766 1824 819 1857 se
833 1808 1041 1872 jactans,
1061 1824 1169 1856 cum
1191 1808 1382 1859 minime
1397 1809 1480 1873 sit,
1502 1825 1588 1857 nos
1609 1808 1820 1858 falleret:
1854 1824 2010 1873 neque
2026 1810 2254 1867 medicus,
2286 1825 2442 1874 neque
2472 1810 2567 1857 dux
2589 1824 2723 1859 exer-

526 1889 668 1948 citus,
688 1904 844 1952 neque
864 1888 983 1937 alius
1007 1887 1130 1937 ullus
1149 1887 1360 1937 scientim
1389 1888 1534 1937 falsus
1571 1889 1802 1953 professor
1825 1904 1914 1938 nos
1946 1889 2196 1954 effugeret.
2260 1891 2351 1939 His
2384 1892 2511 1938 bunc
2539 1890 2591 1938 in
2612 1906 2717 1941 mo-

524 1972 640 2021 dum
661 1970 921 2034 dispositis,
942 1969 1072 2018 aliud
1093 1968 1321 2034 quiddam
1343 1969 1483 2018 nobis
1513 1970 1839 2034 contingeret:
1873 1984 1982 2019 nam
2005 1973 2188 2036 melius,
2217 1988 2358 2036 qnam
2381 1986 2529 2033 nunc,
2550 1986 2724 2036 corpo-

524 2052 651 2100 ribus
671 2051 950 2107 valeremus,
972 2057 1023 2098 et
1049 2050 1100 2097 in
1129 2050 1370 2098 maritimis
1390 2050 1763 2114 militaribusque
1785 2052 2005 2116 periculis
2026 2053 2218 2101 tutiores
2238 2052 2573 2102 evaderemus:
2606 2068 2722 2101 vasa

522 2131 637 2182 item
660 2140 711 2181 et
730 2132 1055 2199 instrumenta,
1078 2138 1245 2189 vestes,
1267 2131 1472 2197 calceos,
1512 2132 1776 2181 universam
1798 2133 2007 2196 denique
2039 2133 2380 2196 supellectilem
2402 2149 2461 2181 es
2497 2140 2597 2181 arte
2616 2147 2719 2181 rna-

526 2214 597 2279 gis
616 2213 1000 2278 commodiusque
1029 2212 1290 2262 institutam
1324 2214 1688 2277 possideremus,
1717 2230 1775 2263 ex
1800 2230 1858 2263 eo
1896 2216 2027 2279 quod
2050 2215 2168 2263 veris
2187 2214 2446 2264 artificibus
2465 2222 2718 2263 uteremur.

526 2296 858 2346 Concedamus
877 2310 1084 2360 quoque,
1122 2294 1163 2342 si
1182 2294 1272 2354 vis,
1292 2295 1568 2344 vaticinium
1599 2295 1746 2352 futuri
1767 2295 2013 2344 scientiam
2034 2311 2137 2345 esse
2156 2313 2170 2345 r
2201 2303 2252 2344 et
2272 2294 2630 2359 temperantiam
2650 2293 2727 2341 illi

525 2378 855 2442 prresidentem
882 2392 1028 2426 vanos
1059 2382 1368 2426 ostentatores
1389 2377 1553 2439 vitare,
1574 2392 1708 2425 veros
1737 2385 1896 2425 autem
1918 2384 2050 2425 vates
2079 2376 2139 2424 ad
2169 2376 2428 2425 futurorum
2453 2374 2726 2439 praedictio-

525 2474 635 2508 nem
658 2458 847 2523 eligere.
912 2458 988 2506 Ita
1013 2457 1224 2522 profecto
1246 2473 1395 2522 genus
1430 2459 1675 2507 hominurn
1706 2459 1996 2522 institutum,
2032 2458 2163 2523 quod
2192 2458 2309 2508 scite
2339 2464 2500 2521 ageret
2521 2455 2723 2506 vireret·

528 2555 641 2603 que,
662 2539 903 2586 assentior.
975 2536 1098 2585 Nam
1120 2546 1280 2586 custos
1305 2540 1413 2587 vitae
1437 2541 1679 2588 hominum
1704 2542 2020 2603 temperantia
2040 2554 2280 2604 nunquam
2304 2539 2552 2602 subrepere
2573 2538 2725 2586 insci-

525 2618 657 2674 tiam,
681 2624 732 2665 et
750 2617 924 2664 viribus
946 2616 1016 2663 uti
1051 2617 1164 2673 suis,
1201 2619 1508 2679 permitteret.
1574 2620 1720 2675 Quod
1758 2628 1915 2669 autem
1941 2622 2200 2669 secundnm
2238 2620 2483 2669 scientiam
2503 2625 2722 2684 agentes,

525 2698 650 2745 bene
664 2709 926 2768 ageremus,
946 2710 1247 2759 essemusque
1271 2697 1414 2753 beati,
1437 2697 1648 2745 nondum
1671 2698 1914 2761 percipere
1937 2715 2147 2763 possum,
2169 2716 2199 2747 o
2221 2700 2373 2749 amice
2394 2701 2561 2750 Critia.
2593 2700 2723 2751 Car.

526 2777 673 2825 Haud
693 2776 833 2825 facile
851 2774 994 2824 alium
1015 2775 1136 2824 bene
1156 2777 1331 2840 agendi
1353 2776 1497 2825 finem
1531 2777 1967 2841 perfectionemque
1990 2779 2211 2841 reperies,
2231 2780 2270 2826 si
2292 2780 2527 2828 actionem
2546 2794 2727 2829 secun-

525 2858 642 2905 dum
671 2855 914 2905 scientiam
947 2857 1191 2919 spreveris.
1254 2855 1336 2905 80.
1371 2856 1523 2906 Paulo
1564 2857 1760 2905 ulterius
1791 2855 1980 2922 explica
2012 2859 2271 2906 secundum
2293 2873 2434 2921 quarn
2455 2858 2729 2911 scientiam.

525 2953 640 2987 num
661 2937 919 2986 secundum
942 2935 1182 2986 scientiam
1215 2937 1491 2988 coriariam?
1559 2937 1683 2988 Cer.
1714 2936 1827 2985 Non
1858 2953 1942 3001 per
1970 2938 2158 2987 Jovem.
2221 2939 2305 2988 80.
2338 2937 2420 2985 An
2457 2938 2577 2986 forte
2598 2955 2728 2987 ωτι..

526 3019 640 3070 riam
662 3017 922 3074 fabricam?
988 3017 1109 3068 em.
1142 3018 1316 3083 Neque
1348 3018 1505 3071 istam.
1567 3020 1654 3067 80.
1685 3018 1814 3067 Num
1847 3019 2106 3068 secundum
2144 3018 2418 3079 lanificium,
2448 3015 2730 3070 artificium-

526 3116 622 3166 que
643 3099 892 3165 lignorum,
926 3105 1011 3148 aut
1044 3100 1271 3162 quiddam
1293 3101 1606 3165 hujusmodi?
1673 3100 1794 3150 Car.
1828 3100 2003 3165 Neque
2024 3100 2168 3148 istud.
2236 3102 2321 3150 80.
2356 3098 2503 3147 Haud
2526 3100 2725 3150 ulterius

527 3182 690 3246 itaque
712 3199 771 3230 eo
789 3183 843 3232 in
861 3196 1076 3230 sermone
1097 3184 1316 3231 standum
1343 3183 1549 3240 videtur,
1587 3197 1685 3247 quo
1705 3183 2014 3243 asserebatur,
2053 3182 2242 3229 beatum
2263 3196 2364 3248 esse
2383 3178 2520 3228 illum
2542 3180 2626 3244 qui
2648 3197 2723 3230 se·

529 3264 736 3312 cundum
755 3262 1002 3310 scientiam
1026 3261 1221 3310 viveret.
1255 3278 1362 3310 nam
1396 3263 1445 3311 bi
1479 3264 1738 3313 secundum
1771 3261 2016 3311 scientiam
2038 3261 2266 3321 viventes,
2302 3263 2441 3312 beate
2462 3262 2617 3310 vivere
2638 3262 2723 3311 aba

528 3350 577 3391 te
611 3342 803 3389 minime
836 3341 1136 3404 affirmantur.
1202 3340 1270 3387 At
1310 3341 1431 3389 sorte
1459 3357 1491 3420 e
1524 3342 1684 3390 multis
1721 3342 1973 3391 inscienter
2009 3343 2274 3392 visentibus
2305 3357 2449 3390 unum
2480 3344 2719 3408 quendam

531 3430 658 3471 certa
681 3437 741 3469 ex
773 3420 970 3470 scientia
1004 3420 1209 3467 scienter
1230 3420 1466 3469 viventem
1506 3422 1696 3469 beatum
1729 3423 2045 3471 determinas:
2080 3438 2135 3472 ac
2171 3423 2367 3471 forsitan
2402 3423 2540 3480 dicis,
2579 3439 2721 3487 quem

529 3519 620 3568 ego
641 3502 785 3566 paulo
805 3508 916 3549 ante
936 3500 1170 3557 dicebam,
1194 3508 1347 3549 vatem
1368 3500 1630 3548 futurorum
1653 3502 1859 3550 omnium
1893 3501 2038 3565 [174]
2071 3503 2331 3566 pruciam.
2395 3503 2620 3561 Hancne,
2661 3520 2723 3554 an

530 3583 673 3632 alium
693 3582 889 3645 inquis?
955 3581 1074 3630 Cni.
1109 3581 1173 3629 Et
1206 3582 1332 3630 hunc
1365 3589 1416 3630 et
1450 3581 1612 3630 alium.
1681 3583 1769 3631 So.
1804 3584 1996 3639 Quem?
2031 3582 2278 3647 Numquid
2314 3600 2423 3633 eum
2460 3586 2717 3648 hominem,

530 3663 616 3729 qui
649 3678 747 3711 non
785 3663 940 3710 futura
977 3662 1146 3718 solum,
1177 3679 1334 3711 verum
1372 3661 1516 3712 etiarn
1549 3663 1783 3728 praeterita
1819 3663 2163 3729 praesentiaque
2201 3673 2475 3729 cognoscat,
2507 3667 2719 3731 nihilque

529 3744 746 3808 ignoret?
811 3742 1066 3808 Fingamus
1083 3742 1315 3807 ejusmodi
1335 3743 1560 3808 aliquem.
1599 3745 1688 3793 hoc
1710 3752 1763 3792 tu
1785 3744 2023 3793 neminem
2048 3745 2193 3793 alium
2217 3747 2363 3810 magis
2384 3763 2413 3796 e
2432 3747 2632 3796 scientia
2653 3749 2722 3795 vi-

530 3842 640 3876 vere
660 3825 810 3882 dicas,
849 3834 903 3873 ut
936 3825 1144 3873 arbitror.
1210 3825 1334 3875 Car.
1367 3824 1621 3875 Neminem
1657 3841 1861 3890 prorsus.
1925 3827 2012 3875 80.
2046 3826 2154 3874 Hoc
2176 3826 2290 3875 item
2311 3828 2538 3876 addatur:
2574 3828 2721 3886 Que-

530 3921 641 3956 nam
663 3906 959 3957 scientiarum
986 3907 1275 3969 potissimum
1299 3907 1488 3956 beatum
1522 3908 1674 3956 facit?
1707 3923 1821 3955 num
1847 3907 2061 3957 similiter
2081 3908 2302 3957 cunctae?
2369 3908 2488 3958 Car.
2521 3908 2637 3958 Non
2658 3912 2720 3960 si-

530 3986 720 4037 militer.
784 3988 871 4036 80.
908 3986 1085 4035 Verum
1106 3987 1257 4052 qualis
1278 3990 1512 4039 maxime?
1546 3988 1631 4040 ina
1661 4005 1756 4054 qua
1783 3989 1891 4054 quis
1925 3989 2059 4036 novit
2079 4004 2301 4052 prinas-ns,
2333 3990 2619 4053 praeteritum
2651 4001 2723 4040 at-

530 4084 624 4134 que
645 4066 885 4117 futurum?
951 4066 1195 4131 Numquid
1218 4085 1293 4128 ea,
1314 4086 1409 4134 qua
1440 4070 1545 4118 talis
1567 4069 1764 4119 ludere?
1834 4070 1952 4119 Cnr.
1987 4069 2119 4128 Quid
2159 4069 2278 4118 talos
2303 4072 2565 4119 memoras?
2633 4072 2719 4120 So.

527 4148 612 4198 An
633 4148 772 4205 forte,
806 4162 903 4212 qua
937 4150 1245 4211 computare?
1311 4149 1430 4198 Cur.
1465 4148 1797 4214 Nequaquam.
1861 4150 1950 4199 80.
1980 4149 2130 4210 Num,
2164 4166 2261 4216 qua
2294 4150 2528 4200 salubria?
2597 4151 2716 4212 Cpr.

527 4230 649 4279 Haec
681 4228 873 4293 quidem
911 4227 1073 4291 magis.
1139 4229 1224 4277 So.
1258 4229 1350 4278 Illa
1371 4245 1482 4280 vero
1504 4246 1644 4295 quam
1668 4232 1777 4280 dico
1813 4232 2030 4287 maxime,
2066 4247 2163 4296 qua
2195 4231 2310 4295 quid
2348 4232 2532 4288 norim?
2600 4232 2722 4281 Cnr.

530 4311 642 4372 Qua
661 4311 836 4359 bonum
859 4324 917 4357 ac
937 4309 1126 4358 malum.
1193 4310 1278 4359 So.
1314 4310 1359 4358 Ο
1379 4311 1594 4368 sceleste,
1621 4311 1807 4376 jamdiu
1842 4329 1917 4364 me
1937 4311 2058 4362 clam
2079 4312 2256 4364 circulo
2276 4314 2483 4377 quodam
2518 4312 2721 4362 reflectis

529 4393 817 4456 retrahisque
852 4390 914 4439 ad
948 4390 1019 4454 id,
1053 4399 1108 4439 ut
1138 4392 1326 4441 beatum
1356 4393 1511 4441 vivere
1542 4409 1639 4441 non
1669 4395 1732 4442 sit
1766 4394 2024 4442 secundum
2049 4393 2284 4443 universas
2305 4392 2525 4443 scientias
2546 4394 2720 4451 vivere,

533 4472 676 4524 immo
698 4474 956 4525 secundum
980 4488 1120 4525 unam
1144 4474 1381 4540 quandam
1403 4475 1518 4524 boni
1540 4475 1707 4527 malive
1725 4475 1984 4526 scientiam.
2049 4474 2194 4525 Porro
2219 4475 2258 4524 si
2275 4474 2409 4535 velis,
2430 4491 2459 4525 o
2475 4475 2642 4534 Critia,
2664 4490 2720 4525 ex
