2917 4975
537 458 623 520 74
1441 451 1844 518 Purroms
2601 450 2713 534 [ιε

546 623 707 665 autem
730 614 894 680 paucis
912 608 1330 677 comprehendam,
1359 612 1548 676 quoties
1578 610 1686 676 quis
1717 605 2317 674 nnqefidaticujurgnes
2347 607 2537 673 querit,
2567 606 2632 657 de
2661 606 2748 656 illo

548 695 657 760 ipso
680 694 967 744 consultatio
991 704 1079 757 est,
1101 693 1238 757 cujus
1260 693 1408 758 gratia
1428 691 1558 743 aliud
1580 690 1821 755 quaeritnr‚
1846 706 1942 739 non
1973 689 2036 738 de
2070 704 2129 737 eo
2166 690 2295 753 qnod
2315 689 2540 753 quaritur
2559 688 2747 737 alterins

499 836 508 845 ἱ
550 776 720 840 gratia.
784 774 875 823 Nr.
909 775 1118 824 Necesse
1140 782 1228 826 est.
1293 776 1380 823 So.
1418 773 1622 837 Oportet
1646 773 1806 836 itaque
1844 770 2159 820 consultorem
2192 769 2478 828 examinare,
2510 778 2663 817 utrum
2684 770 2746 817 ad

546 855 677 904 illius
692 856 982 905 curationem
1004 856 1181 920 peritus
1204 855 1283 917 sit,
1324 854 1465 919 cujus
1489 853 1637 917 gratia
1656 853 1705 900 in
1729 852 1979 916 praesentia
2000 849 2330 900 deliberamus.
2396 849 2488 899 Νι.
2520 849 2747 898 Omnino.

547 937 632 986 So,
668 935 751 984 An
771 952 868 985 non
892 938 1072 985 dictum
1094 943 1183 998 est,
1204 937 1266 984 de
1295 934 1550 999 disciplina
1578 933 1801 997 perquiri,
1836 928 2189 981 adolescentiam
2226 930 2372 979 animi
2405 930 2588 994 gratia?
2655 929 2745 977 Nr.¹

545 1016 764 1066 Dictum.
828 1019 915 1067 Se.
945 1017 1093 1082 Ergo,
1116 1018 1153 1065 si
1175 1017 1280 1081 quis
1301 1024 1511 1063 nostrum
1535 1015 1844 1063 curandorum
1865 1013 2126 1061 animorum
2151 1020 2249 1059 arte
2272 1010 2471 1074 polleat,
2493 1010 2744 1074 valeatque

546 1113 630 1147 eos
665 1098 947 1147 sufficienter
980 1099 1214 1161 excolere,
1251 1105 1300 1146 et
1338 1106 1651 1162 preceptores
1688 1094 1897 1143 eruditos
1938 1092 2169 1150 habuerit,
2214 1090 2580 1158 inquirendum?
2646 1091 2747 1141 Lai.¹

548 1177 871 1244 Nunquamne
894 1179 1069 1237 vidisti,
1091 1195 1121 1227 o
1144 1179 1376 1234 Socrates,
1399 1177 1503 1226 sine
1527 1175 1893 1239 preceptoribus
1915 1176 2102 1238 aliquos
2123 1174 2173 1221 in
2196 1188 2246 1222 re
2266 1173 2471 1237 quadam
2487 1173 2747 1237 peritiores;

547 1272 691 1323 quam
711 1275 818 1308 cum
843 1259 1205 1323 proecepwribus
1226 1258 1461 1306 evasisse?
1530 1256 1616 1306 So.
1650 1255 1764 1305 Vidi
1781 1253 2020 1318 equidem,
2040 1255 2252 1302 hebes:
2287 1254 2571 1319 quibnsipse
2589 1260 2749 1302 tamen

548 1352 647 1385 non
665 1338 896 1402 crederes,
916 1338 958 1387 si
990 1355 1040 1387 se
1073 1338 1281 1402 optimos
1312 1338 1515 1386 artifices
1547 1336 1874 1401 predicarent,
1907 1335 1998 1383 nisi
2029 1344 2153 1399 opus
2184 1334 2381 1399 aliquod
2413 1335 2524 1382 artis
2554 1334 2753 1383 illorum

546 1425 675 1467 recte
696 1416 1015 1467 constructum
1049 1418 1197 1483 [186]
1228 1426 1279 1467 et
1297 1433 1445 1466 unum
1479 1425 1530 1465 et
1564 1418 1698 1482 plura
1730 1416 2104 1464 monstraverint.
2169 1414 2261 1464 Νι.
2294 1414 2475 1464 Verum
2502 1423 2577 1463 est
2612 1416 2743 1479 quod

548 1498 683 1548 dicis.
750 1498 845 1547 So:
867 1498 972 1548 Nos
992 1499 1153 1564 itaque
1174 1501 1332 1561 decet,
1355 1515 1384 1547 o
1402 1498 1585 1548 Laches
1605 1506 1656 1547 et
1676 1497 1832 1562 Nicia,
1854 1504 2102 1561 postquam
2135 1495 2447 1561 Lysimachus
2466 1502 2613 1559 atque
2630 1494 2745 1544 Me·

549 1577 692 1627 lesias
727 1580 788 1628 ad
829 1579 1193 1628 consultandum
1229 1581 1292 1628 de
1329 1579 1439 1628 filiis
1474 1587 1811 1637 convocarunt,
1843 1576 2093 1642 cupienten
2120 1578 2327 1641 optimos
2356 1575 2542 1624 illorum
2560 1575 2746 1625 animos

548 1658 688 1716 effici,
705 1661 743 1707 si
764 1668 1076 1723 praeceptores
1096 1676 1185 1709 nos
1204 1661 1421 1710 habuisse
1436 1660 1655 1719 fatemur,
1677 1676 1759 1710 eos
1780 1660 2045 1714 ostendere,
2067 1658 2150 1722 qui
2170 1665 2221 1707 et
2240 1657 2332 1721 ipsi
2354 1658 2550 1721 primum
2571 1655 2744 1721 optimi

548 1734 743 1796 fuerint,
767 1746 817 1788 et
840 1740 1089 1790 multorum
1112 1741 1465 1790 adolescentum
1491 1741 1672 1789 animos
1691 1740 1996 1798 erudiverint,
2034 1742 2211 1804 postea'
2233 1754 2323 1787 nos
2354 1753 2544 1803 qnoque
2562 1739 2746 1786 docue-

548 1818 659 1866 rint.
691 1818 766 1867 vel
788 1821 829 1868 si
850 1821 957 1884 quis
977 1818 1187 1870 nostrum
1211 1830 1547 1887 praeccptorem
1570 1822 1786 1871 habuisse
1818 1829 1978 1885 neget,
2011 1834 2157 1886 opera
2185 1834 2274 1869 sua
2305 1826 2560 1868 monet-rare
2579 1819 2749 1883 debet,

547 1897 599 1946 in
623 1893 926 1965 mediumque
948 1899 1128 1959 afferre,
1163 1904 1355 1967 quinam
1389 1902 1780 1963 Atheniensium,
1814 1903 1890 1951 vel
1913 1902 2175 1967 hospitum,
2211 1907 2298 1950 aut
2315 1901 2453 1959 servi,
2464 1906 2569 1949 aut
2584 1900 2751 1959 liberi,-

549 1977 799 2042 diligentia
819 1996 905 2029 sua
924 1982 1104 2047 absque
1125 1984 1443 2033 controversia
1467 1980 1580 2032 honi
1613 1982 1857 2034 evaserint.
1924 1984 2009 2032 Sin
2045 1992 2203 2032 autem
2241 1990 2459 2032 neutrum
2495 1980 2748 2030 ostendere

546 2074 814 2123 possamus,
845 2070 901 2109 ut
919 2062 1038 2110 alios
1058 2065 1348 2113 consultores
1379 2065 1572 2123 adeant,
1606 2064 1775 2128 jubere
1809 2065 2054 2121 debemus,
2091 2079 2246 2128 neque
2266 2064 2320 2111 in
2350 2062 2605 2112 amicorum
2632 2061 2751 2112 filiis

546 2140 861 2206 depravandis
894 2142 944 2191 id
967 2143 1120 2191 subire
1141 2143 1359 2205 periculi,
1394 2162 1490 2208 quo
1529 2146 1660 2208 apud
1698 2146 2050 2192 adolescentum
2078 2144 2362 2192 domesticos
2397 2142 2751 2193 accusationem

549 2221 797 2271 maximam
821 2239 1095 2273 mereamur.
1159 2223 1412 2288 Equidem,
1434 2242 1464 2273 ο
1488 2225 1772 2289 Lysimacbe
1794 2232 1939 2288 atque
1960 2222 2182 2279 Melesia,
2204 2223 2267 2271 de
2285 2238 2362 2271 me
2382 2224 2489 2287 ipso
2510 2224 2560 2271 in
2583 2222 2753 2287 primis

548 2318 723 2363 assero,
745 2305 925 2353 nullum
946 2307 1036 2354 hac
1059 2306 1120 2354 de
1141 2320 1189 2353 re
1211 2302 1325 2353 mihi
1351 2306 1620 2369 magistrum
1643 2303 1893 2358 exstitisse,
1915 2317 2185 2367 quanquam
2207 2316 2237 2350 a
2258 2309 2419 2349 tenera
2448 2311 2589 2351 atate
2617 2318 2745 2353 sem·

548 2399 635 2448 per
653 2400 749 2433 rem
772 2386 910 2435 hane·
931 2386 1165 2435 affectavi.
1198 2402 1359 2435 verum
1393 2394 1551 2434 tamen
1589 2385 1814 2449 sophistis
1848 2386 2107 2432 mercedem
2140 2380 2321 2432 solvere
2351 2398 2448 2431 non
2470 2383 2625 2447 valeo,
2658 2384 2759 2449 quia

549 2463 638 2514 soli
671 2464 872 2529 polliciti
902 2476 1009 2516 sunt
1042 2469 1215 2517 bonum
1253 2483 1327 2517 me
1359 2476 1409 2517 et
1443 2467 1622 2518 clarum
1654 2466 1854 2517 efficere.
1893 2465 1997 2531 ipse
2018 2480 2127 2514 vero
2159 2464 2349 2528 proprio
2383 2463 2575 2529 ingenio
2593 2463 2745 2522 artem

547 2544 672 2591 hanc
693 2544 905 2594 invenire
924 2548 1065 2595 etiam
1086 2563 1216 2596 nunc
1238 2548 1428 2597 minime
1448 2565 1655 2613 possum.
1722 2548 1880 2606 Quam
1903 2548 1941 2595 si
1962 2545 2128 2595 Nicias
2148 2546 2226 2594 hie
2245 2545 2320 2596 vel
2342 2545 2525 2595 Laches
2544 2546 2757 2606 ἱππείῃ

455 2649 460 2653 -
546 2622 622 2670 vel
644 2623 830 2681 didicit,
853 2626 977 2672 haud
1001 2627 1222 2690 equidem
1245 2623 1524 2675 admirabor.
1555 2627 1731 2676 etenim
1757 2627 1969 2689 pecuniis
1991 2627 2138 2689 magis
2169 2626 2434 2690 abundant,
2464 2635 2519 2675 ut
2546 2629 2609 2676 ab
2640 2628 2753 2677 aliis

547 2702 728 2752 discere
750 2713 957 2767 queant:
992 2713 1042 2752 et
1063 2704 1268 2754 seniores
1289 2715 1416 2768 sunt,
1435 2714 1491 2753 ut
1505 2705 1608 2769 jam
1629 2705 1840 2754 invenire
1863 2705 2119 2768 potuerint.
2185 2705 2424 2758 Videntur
2444 2716 2603 2757 autem
2624 2710 2749 2760 mihi

549 2785 610 2835 ad
632 2786 943 2833 erudiendum
965 2785 1192 2835 sufficere.
1225 2801 1380 2850 neque
1402 2787 1528 2834 enim
1550 2800 1703 2849 usque
1733 2786 1855 2834 adeo
1875 2785 2111 2849 intrepide
2132 2785 2193 2834 de
2215 2786 2383 2834 studiis
2416 2786 2584 2850 juveni
2607 2789 2751 2840 bonis

548 2865 626 2915 vel
648 2866 782 2913 malis
802 2867 1093 2924 statuissent,
1112 2867 1206 2916 nisi
1231 2875 1475 2931 putassent
1497 2865 1780 2915 sufficienter
1800 2866 1903 2915 haec
1932 2880 2232 2928 cognoscere.
2298 2865 2471 2915 Cetera
2497 2869 2572 2917 his
2608 2871 2755 2936 eqni·

547 2947 656 2996 dem
678 2950 856 3000 credo:
891 2948 1021 3012 quod
1042 2963 1152 2996 vero
1173 2947 1473 3006 dissentiant,
1510 2947 1764 2997 admiratus
1799 2963 1920 2996 sum.
1984 2945 2138 3012 Atqui
2158 2941 2557 3010 quemadmodum
2592 2965 2756 3014 nuper

546 3029 729 3080 laches
744 3027 963 3094 jubebat,
984 3045 1046 3078 ne
1068 3045 1144 3078 me
1162 3028 1438 3088 dimitteres,
1461 3031 1546 3079 sed
1571 3028 1938 3094 percontareris:
1975 3028 2043 3076 ita
2063 3043 2189 3077 nunc
2211 3043 2302 3092 ego
2333 3025 2536 3076 vicissim
2558 3036 2609 3076 te
2628 3043 2755 3095 rogo

539 3110 805 3175 jubeoque,
840 3110 1143 3175 Lysimache,
1178 3126 1241 3160 ne
1281 3109 1536 3161 Lachetem
1572 3109 1858 3174 Niciamque
1894 3110 2124 3170 dimittas,
2154 3111 2236 3158 sed
2272 3109 2334 3157 ab
2370 3108 2444 3156 his
2475 3109 2755 3175 senciens-is,-

548 3192 713 3240 dicens
733 3192 802 3239 eis
823 3193 1061 3240 Socratem
1082 3193 1275 3254 dixisse,
1297 3207 1393 3242 rem
1413 3194 1563 3257 ipsam
1586 3207 1685 3241 non
1701 3189 1982 3255 intelligere,
2004 3204 2161 3254 neque
2181 3188 2445 3254 dijudicare
2460 3205 2617 3254 posse,
2637 3193 2759 3257 quis

546 3280 752 3320 vestrum
774 3285 883 3319 vera
903 3271 1152 3335 loquaturz
1188 3273 1370 3337 quippe
1390 3287 1498 3322 cum
1521 3289 1613 3322 nec
1628 3274 1844 3321 inventor
1864 3272 2026 3320 harum
2047 3286 2198 3319 rerum
2217 3271 2231 3318 i
2239 3286 2323 3334 pse
2338 3270 2496 3328 fuerit,
2511 3275 2757 3336 nequeab

546 3351 642 3400 alio
664 3351 870 3400 docente
907 3350 1145 3399 didicerit.
1204 3352 1280 3400 Tu
1302 3361 1479 3413 autem,
1513 3353 1694 3403 Laches
1720 3368 1777 3401 ae
1809 3352 1972 3410 Nicia,
2006 3351 2154 3402 dicite
2186 3352 2374 3416 utrique
2410 3352 2565 3411 nobis,
2600 3351 2753 3418 quem·

547 3431 674 3481 circa
689 3427 920 3495 jurenum
944 3430 1272 3481 educationem
1295 3433 1620 3482 doctissimum
1636 3433 1982 3482 conveneritis:
2015 3440 2066 3481 et
2088 3441 2239 3481 utrum
2255 3434 2490 3482 discentes
2503 3435 2564 3482 ab
2579 3434 2747 3499 aliquo

547 3507 708 3562 sciatis
730 3513 851 3568 hnc,
874 3527 934 3560 an
958 3513 1050 3575 ipsi
1074 3513 1231 3576 potius
1253 3514 1521 3562 inventores
1540 3514 1658 3562 aitis.
1725 3512 1871 3571 Quod
1893 3514 1934 3561 si
1954 3513 2206 3570 didicistis,
2242 3513 2348 3577 quis
2377 3514 2620 3578 utriusque
2642 3530 2747 3564 ma-

548 3592 725 3657 gister?
757 3593 899 3657 quive
920 3592 1003 3641 alii
1038 3593 1152 3641 artis
1185 3592 1398 3656 ejusdem
1422 3594 1738 3657 professores?
1772 3603 1827 3641 ut
1860 3594 1899 3641 si
1937 3593 2092 3640 minus
2127 3593 2275 3658 [187]
2309 3593 2443 3641 vobis
2470 3595 2537 3641 ad
2571 3594 2746 3645 hec-‘a

548 3672 824 3737 reipublice
872 3673 1074 3736 negotiis
1127 3684 1339 3736 superest
1386 3674 1490 3737 otii,
1538 3689 1620 3721 eos
1657 3673 1901 3736 adeamus,
1951 3673 2407 3738 per-suadeamusque
2451 3674 2526 3723 vel
2575 3689 2749 3725 mune-¹

549 3752 695 3809 ribus,
730 3753 803 3800 vel
839 3753 1006 3816 gratia,
1042 3754 1117 3801 vel
1169 3754 1395 3817 utrisque,
1441 3762 1498 3801 ut
1532 3762 1583 3802 et
1620 3764 1879 3803 nostrorum
1917 3762 1970 3803 et
2019 3761 2276 3802 vestromm
2310 3754 2514 3802 filiorum
2579 3753 2754 3804 cunm-

546 3833 826 3897 suscipiant‚
847 3850 909 3882 ne
931 3833 1131 3897 improbi
1147 3833 1259 3882 facti
1281 3833 1537 3897 majoribus
1558 3835 1655 3883 suis
1677 3835 1902 3883 dedecori
1936 3834 2045 3886 sint.
2112 3834 2196 3882 Sin
2230 3842 2387 3883 autem
2417 3834 2510 3899 ipsi
2530 3850 2617 3884 vos
2648 3836 2742 3887 hoe

547 3914 811 3972 invenistis,
829 3916 1055 3964 adducite
1078 3915 1125 3964 in
1147 3915 1375 3972 medium,
1398 3914 1435 3964 si
1458 3931 1579 3980 quos
1602 3916 1720 3964 forte
1738 3916 1858 3964 alios
1879 3914 2299 3979 diligentia'vestra
2318 3932 2377 3964 ex
2413 3916 2567 3979 pravis
2589 3918 2742 3967 bonos

548 3993 792 4059 clarosque
812 3996 1028 4045 homines
1047 3995 1361 4047 reddideritis.
1427 3995 1680 4046 Enimvero
1701 3997 1741 4044 si
1775 4012 1904 4046 nunc
1937 3996 2138 4060 primum
2170 3997 2341 4045 docere
2372 3995 2599 4060 incipitis,
2638 3999 2745 4047 ani-

548 4076 933 4124 madvertendum
969 4086 1061 4139 est,
1099 4092 1197 4124 non
1233 4076 1400 4127 ouem
1433 4080 1672 4143 quendam
1706 4078 1919 4138 mercede
1956 4079 2262 4134 conductum,
2295 4078 2379 4126 sed
2410 4083 2462 4125 et
2479 4086 2660 4128 vestros
2696 4088 2747 4128 et

548 4157 801 4208 amicorum
825 4155 946 4206 filios
963 4156 1018 4205 in
1040 4157 1288 4207 discrimen
1312 4173 1399 4206 nos
1419 4159 1626 4207 duceret
1660 4165 1711 4207 et
1730 4157 1960 4222 profecto,
1984 4164 2039 4205 ut
2058 4157 2199 4205 habet
2215 4156 2530 4220 proverbium,
2544 4155 2600 4205 in
2618 4159 2755 4208 vasis·

545 4231 698 4301 ipdus
711 4237 895 4302 jactura
918 4241 1062 4286 artem
1087 4238 1344 4301 figulariam
1379 4238 1677 4303 experimini.
1746 4237 1908 4289 Dicite
1947 4238 2127 4302 itaque,
2154 4238 2271 4301 quid
2292 4252 2350 4285 ex
2381 4236 2455 4285 his
2493 4237 2660 4287 adesse
2688 4246 2743 4288 et

547 4328 816 4383 competere
838 4319 971 4367 vobis
992 4319 1194 4368 asseritis
1215 4319 1288 4368 vcl
1311 4319 1529 4384 negatis?
1594 4318 1713 4368 Hoec
1736 4326 1787 4367 tu
1810 4319 1871 4368 ab
1886 4318 1980 4366 illis
1992 4317 2247 4375 sciscitare,
2262 4316 2563 4381 Lysim-che.
2584 4332 2747 4382 neque

549 4415 632 4447 eos
668 4399 884 4448 dimittas
904 4401 1050 4465 prius,
1088 4416 1229 4465 quam
1266 4400 1601 4464 respondeant.
1668 4400 1763 4449 Lx.
1796 4400 1950 4449 Probe
1990 4398 2120 4463 loqui
2157 4398 2390 4454 Socrates,
2411 4397 2599 4461 osviri‚.
2623 4399 2755 4448 mihi-

552 4478 746 4529 ridetur.
814 4481 865 4530 Si
887 4497 997 4546 ergo
1022 4484 1153 4550 vobis
1175 4490 1354 4547 gratum
1379 4483 1587 4532 futurum
1608 4491 1697 4541 cst,
1738 4498 1767 4531 o
1793 4480 1936 4531 Nicia
1956 4488 2099 4545 atque
2122 4479 2322 4545 laches,
2344 4478 2743 4545 interrogantibus
