2917 4975
222 427 369 505 485]
1121 425 1513 511 GORGIAS.
2297 433 2412 493 207

218 579 406 630 Natura
424 595 531 631 vero
548 581 671 647 ipsa,
688 588 744 629 ut
765 586 903 645 puto,
923 580 1230 638 demonstrat,
1253 587 1310 629 ut
1327 579 1629 645 prastantior
1642 578 1749 644 plus
1770 581 1946 632 babeat
1965 597 2108 646 quam
2131 582 2342 641 inferior,
2362 592 2415 635 et

218 661 463 724 potemior
477 676 618 726 quam
637 660 854 711 debilior.
922 660 1145 711 Ostendit
1166 677 1276 711 vero
1298 661 1459 711 multis
1483 662 1585 711 haec
1606 661 1782 718 modis,
1804 669 1904 711 tum
1935 663 1984 712 in
2006 665 2176 714 ceteris
2198 665 2418 714 animan-

218 740 357 799 tibus,
382 749 479 790 tum
500 742 548 790 in
568 741 753 792 cunctis
774 742 1042 791 civitatibus
1063 749 1209 806 atque
1231 743 1472 805 gentibus,
1488 742 1616 806 apud
1640 758 1758 806 quas
1769 742 1952 807 justum
1974 760 2076 793 esse
2096 755 2335 804 censetur,
2359 756 2415 797 ut

217 822 451 884 potentior
464 822 707 871 infirmiori
726 821 1011 879 dominetur,
1042 822 1245 885 plusque
1268 821 1527 885 possideat.
1593 819 1721 868 Nam
1742 836 1839 885 quo
1862 821 1972 886 jure
1991 823 2168 874 Xerxes
2188 827 2415 875 adversus

217 899 408 952 Gmcos
425 903 561 951 duxit
577 902 854 958 exercitum,
874 901 950 951 vel
969 910 1102 967 pater
1123 901 1231 965 ejus
1251 910 1417 950 contra
1437 902 1660 967 Scythas,
1680 910 1767 950 aut
1786 902 2150 955 innumerabiles
2171 906 2271 964 alii.
2288 922 2412 973 quos

216 981 379 1031 referre
400 984 506 1047 quis
520 983 714 1048 posset?
780 982 876 1031 Sed
898 982 966 1039 hi,
988 989 1042 1030 ut
1057 979 1272 1037 arbitror,
1292 980 1554 1029 secundum
1574 990 1788 1030 naturam
1803 980 1925 1046 juris
1944 983 2096 1047 ipsius
2116 985 2220 1033 boec
2241 993 2411 1050 agunt,

217 1075 272 1111 ac
287 1078 372 1127 per
387 1062 559 1113 Jovem
577 1063 841 1113 secundum
859 1061 1011 1126 ipsius
1031 1069 1213 1110 naturae
1250 1060 1402 1125 legem
1422 1078 1434 1106 ε
1472 1076 1571 1109 uon
1609 1070 1768 1109 tamen
1788 1061 1985 1112 sortasse
2013 1063 2157 1126 juxta
2178 1064 2306 1128 leges
2327 1068 2413 1116 bas

215 1155 243 1188 a
262 1141 396 1189 nobis
413 1142 651 1200 conditas,
672 1157 759 1207 per
793 1157 911 1206 quas
946 1139 1338 1204 prestantissima
1374 1154 1432 1187 ac
1472 1139 1773 1188 validissima
1811 1139 1986 1190 indolis
2006 1143 2330 1195 adolescentes
2350 1146 2412 1194 ab

214 1218 510 1270 incunabulis
529 1230 755 1287 tauquam
775 1222 939 1270 leones
975 1219 1240 1284 capientes.
1262 1218 1397 1282 quasi
1420 1218 1707 1280 quibusdam
1743 1220 1935 1282 magicis
1971 1222 2252 1271 carminibus
2271 1224 2413 1274 tuci·

212 1316 394 1356 namus.
416 1303 726 1365 servilemque
748 1301 799 1348 iu
823 1300 1013 1348 modum
1034 1297 1329 1361 subjicimus,
1363 1296 1512 1360 [484]
1548 1298 1764 1347 dicentes
1784 1299 2053 1362 nequitatem
2091 1316 2194 1350 esse
2223 1318 2412 1353 servam

211 1382 337 1440 dam,
356 1382 509 1447 idque
531 1382 778 1446 pulchrum
793 1379 1073 1443 justumque
1091 1393 1213 1426 esse.
1278 1375 1351 1424 At
1386 1376 1425 1423 si
1466 1376 1574 1439 quis
1596 1377 1859 1440 proestantis
1880 1385 2059 1426 naturae
2081 1379 2150 1427 vir
2185 1381 2413 1445 insurgat,

210 1475 265 1511 ac
286 1462 466 1519 literas,
485 1461 821 1510 fascinationes
842 1457 1282 1520 incantationesque
1321 1454 1595 1518 hujusmodi
1620 1463 1795 1504 vestras
1829 1457 2122 1519 pessundans
2155 1466 2298 1523 atque
2319 1462 2417 1509 dis.

207 1542 428 1599 eindens,
446 1541 671 1604 legesque
693 1554 857 1587 omnes
873 1554 980 1602 quae
1001 1536 1273 1586 desciscunt
1293 1550 1322 1584 a
1344 1541 1528 1592 natura,
1548 1536 1843 1592 subvertens,
1864 1536 2034 1584 ceteris
2052 1537 2338 1598 dominetur,
2359 1522 2417 1589 in*
2509 1558 2519 1575 κ

207 1637 271 1670 eo
288 1621 397 1685 jam
433 1627 614 1668 naturai
642 1619 792 1683 ipsius
818 1616 902 1681 jus
922 1616 1135 1681 effulget.
1202 1616 1407 1665 Videtur
1439 1623 1599 1665 autem
1638 1615 1754 1663 milii
1788 1613 2024 1664 Pindarus
2046 1616 2148 1666 hmc
2170 1619 2335 1668 eadem
2359 1620 2411 1669 in

207 1702 425 1766 quodam
447 1709 593 1750 cantu
611 1699 878 1756 ostendere,
903 1698 984 1747 ubi
1004 1697 1157 1762 legem
1176 1696 1244 1745 ait
1263 1696 1476 1745 omnium
1501 1712 1605 1745 esse
1642 1695 1851 1761 reginam
1874 1696 2140 1746 mortalium
2162 1706 2304 1764 atque
2325 1700 2418 1749 im-

209 1781 482 1832 mortalium
503 1798 518 1829 =
551 1795 754 1845 eamque
782 1778 866 1844 jus
905 1793 1043 1843 agere
1067 1777 1295 1827 violenter
1330 1777 1618 1843 prepotenti
1651 1792 1813 1827 manu.
1879 1776 2037 1842 quue
2073 1779 2340 1844 conjectare
2362 1798 2416 1831 se

210 1863 332 1913 dicit
365 1878 428 1911 ex
460 1862 599 1910 rebus
627 1860 772 1925 gestis
803 1860 865 1908 ab
904 1857 1147 1907 Hercule:
1180 1859 1280 1923 qui,
1301 1858 1395 1909 etsi
1422 1873 1611 1908 carmen
1645 1859 1803 1922 ipsum
1841 1859 1968 1906 haud
2000 1859 2112 1907 satis
2149 1864 2415 1913 memoriter

211 1951 370 2001 teneo,
391 1940 586 1991 memini
608 1950 765 1991 tamen
783 1939 942 2006 ipsum
967 1939 1145 2003 dicere,
1165 1937 1418 1989 Herculem
1441 1954 1600 2003 neque
1620 1946 1805 2004 emptos
1827 1955 1982 2005 neque
2004 1941 2206 1992 donatos
2221 1943 2412 2012 Geryo-

211 2023 286 2073 nis
305 2024 456 2073 boves
477 2022 722 2087 abegisse3
755 2028 922 2086 utpote
958 2019 1163 2070 naturali
1197 2021 1304 2085 ipso
1318 2020 1429 2085 jure
1464 2021 1694 2079 dictante,
1718 2026 1768 2069 et
1805 2020 1950 2070 boves
1986 2028 2037 2070 et
2068 2031 2227 2072 cetera
2249 2028 2412 2076 omnia

211 2120 316 2168 qun
335 2104 400 2152 ab
423 2103 690 2152 bominibus
709 2103 1029 2167 possidentur,
1048 2101 1174 2150 illius
1196 2118 1299 2151 esse
1318 2103 1492 2152 debere
1513 2102 1598 2167 qui
1615 2100 1910 2167 prostantior
1927 2102 1990 2150 sit
2005 2109 2150 2169 atque
2165 2105 2412 2157 valentior.

213 2184 399 2235 Veritas
418 2184 563 2249 igitur
579 2185 647 2234 ita
667 2200 718 2234 se
739 2185 899 2234 babet.
931 2184 1079 2248 idque
1118 2183 1259 2247 plane
1289 2199 1572 2247 cognoscas,
1592 2183 1632 2231 si
1668 2184 1730 2232 ad
1769 2182 1947 2246 majora
1983 2190 2033 2232 te
2059 2184 2182 2248 jam,
2219 2187 2413 2237 dimissa

213 2265 735 2331 philosophandum,
756 2263 1077 2334 converteris.⁴
1123 2263 1249 2312 Nam
1286 2263 1590 2328 philosophia
1627 2262 1839 2327 quidem,
1879 2279 1909 2311 o
1944 2263 2181 2328 Socrates,
2211 2266 2415 2329 gratiosa

214 2361 284 2397 rea
303 2355 376 2396 est
396 2354 451 2395 et
472 2354 690 2404 venusta,
716 2345 758 2395 si
789 2346 898 2410 quis
920 2344 1051 2393 illam
1090 2344 1328 2393 moderate
1360 2345 1415 2393 iu
1449 2343 1869 2406 adolescentiaque
1906 2342 2128 2406 attingat.
2160 2343 2234 2391 sin
2254 2352 2415 2394 autem

214 2427 575 2494 supramodum
604 2434 792 2493 tempus
826 2426 876 2474 in
909 2441 968 2475 ea
1004 2424 1297 2489 contriverit,
1315 2425 1578 2475 bominum.
1596 2430 1670 2472 est
1689 2422 1974 2493 corruptela.
2042 2423 2270 2481 Quemvis
2288 2425 2417 2475 enim

215 2509 316 2575 quis
334 2509 524 2575 optimo
545 2523 579 2557 a
596 2516 766 2557 natura
786 2506 847 2556 sit
868 2505 1063 2572 ingenio
1086 2505 1328 2569 praeditus,
1348 2512 1506 2554 tamen
1529 2504 1570 2552 si
1589 2502 1770 2553 diutius
1790 2519 1875 2568 per
1894 2511 2080 2554 etatem
2095 2504 2199 2569 jam
2221 2521 2418 2570 provec-

214 2599 307 2639 tam
329 2590 721 2656 philosophetur,
752 2586 1017 2637 necessario
1055 2586 1266 2635 omnium
1302 2600 1454 2634 rerum
1479 2583 1728 2651 imperitus
1764 2584 1956 2644 evadet,
1989 2600 2185 2650 quarum
2220 2588 2414 2637 omnino

212 2670 409 2729 clarum,
424 2672 622 2734 bouum,
642 2668 952 2719 excellentem
975 2666 1124 2716 virum
1148 2675 1335 2732 oportet
1354 2667 1528 2716 habere
1545 2666 1778 2731 peritiam.
1812 2681 1920 2714 nam
1942 2673 1994 2714 et
2013 2665 2172 2731 legum
2192 2665 2409 2717 civilium

212 2760 261 2800 et
279 2754 545 2807 verborum,
567 2750 740 2813 quibus
757 2749 810 2799 iu
830 2747 1177 2799 consuetudine
1197 2756 1417 2815 coetuque
1437 2748 1681 2797 bominum
1702 2754 1797 2797 tam
1823 2748 2014 2811 publice
2027 2763 2169 2812 quam
2192 2749 2410 2813 privatim

213 2834 285 2882 ati
304 2836 468 2890 decet,
487 2832 787 2897 voluptatum
808 2838 1032 2896 praterea
1054 2830 1469 2895 cupiditatumque
1485 2831 1797 2878 humanarum
1814 2834 1882 2887 et,
1904 2835 1958 2876 ut
1981 2828 2179 2878 breviter
2198 2844 2412 2893 compre-

211 2914 437 2972 meam,
458 2929 637 2963 morum
658 2928 845 2978 pronus
864 2912 987 2961 finnt
1005 2911 1176 2976 ignari.
1241 2912 1480 2969 Quocirca
1499 2910 1720 2976 quotiens
1739 2908 1802 2956 ad
1826 2907 2028 2972 aliquam
2041 2925 2136 2957 rem
2159 2910 2413 2972 gerendam

210 2995 284 3045 vel
318 2995 562 3061 publicam
580 2995 659 3043 vel
696 2994 926 3059 privatam
958 3007 1063 3042 sese
1098 2991 1365 3048 conferant.
1403 2992 1638 3039 habentur
1674 2987 1894 3036 ridiculi:
1927 2987 2324 3051 quemadmodum
2362 2996 2414 3036 et

209 3077 372 3128 civiles
394 3077 499 3133 viri,
530 3076 573 3124 si
606 3075 656 3123 in
688 3083 864 3123 vestras
897 3071 1259 3121 exercitationes
1293 3069 1740 3132 disputationesque
1762 3065 2070 3113 descendant.
2103 3065 2265 3112 evenit
2284 3065 2411 3113 enim

210 3157 329 3206 illud
349 3155 616 3220 Euripidis,
640 3154 751 3210 Qua
783 3153 839 3202 iu
872 3167 929 3202 re
953 3153 1113 3201 clem
1146 3150 1343 3213 quisque
1363 3153 1457 3210 est,
1476 3149 1540 3198 ed
1559 3162 1664 3199 eea·
1680 3149 1924 3209 properae,
1951 3149 1999 3195 et
2020 3144 2119 3194 diei
2138 3144 2416 3206 pertenit&

205 3238 468 3303 plu-imo·
486 3231 794 3296 impertiant
817 3232 917 3294 ipae
933 3244 986 3279 se
1005 3233 1211 3292 superet.
1242 3226 1390 3292 [⁴85]
1426 3226 1510 3275 ubi
1540 3242 1649 3276 vero
1668 3223 1861 3275 inferior
1882 3224 1961 3283 sit,
1982 3223 2098 3274 iude
2118 3224 2241 3289 fugit
2267 3224 2414 3274 illud·

210 3333 309 3383 que
324 3317 603 3377 vituperat:
638 3311 770 3361 aliud
793 3326 903 3359 vero
940 3309 1125 3374 laudat,
1143 3308 1348 3374 quadam
1382 3306 1458 3357 sui
1487 3307 1640 3374 ipsius
1678 3305 2037 3369 benevolentia3
2070 3306 2339 3357 existimaus
2359 3322 2413 3357 se

208 3398 377 3461 ipsum
396 3394 467 3441 ita
485 3392 696 3443 laudare.
760 3391 939 3441 Verum
961 3397 1178 3456 prostare
1211 3391 1427 3448 arbitror,
1456 3390 1700 3439 amborum
1736 3387 2017 3455 participem
2051 3387 2166 3438 fieri.
2199 3387 2414 3453 philo-o,-

206 3476 342 3543 pbia
373 3473 587 3538 quidem,
621 3479 855 3537 quatenus
880 3472 1143 3537 disciplina
1178 3471 1332 3538 gratia
1367 3472 1553 3522 deceat.
1618 3468 1728 3521 Nec
1765 3477 1905 3534 turpe
1940 3468 2133 3534 quidem
2155 3475 2229 3517 est
2248 3469 2413 3519 adole-

209 3556 364 3609 scenti
382 3554 724 3620 philosophari.
753 3555 837 3604 sed
869 3569 979 3605 cum
999 3553 1221 3619 grandior
1240 3561 1355 3603 natu
1378 3552 1695 3618 philosophia
1712 3552 1869 3601 adbuc
1888 3550 2140 3613 incumbit,
2163 3566 2234 3599 res
2254 3557 2346 3614 cst,
2379 3567 2411 3599 o

207 3638 442 3696 meam,
462 3636 601 3686 valde
621 3634 836 3685 ridicula.
905 3634 1142 3699 Equidem
1164 3634 1376 3684 similiter
1407 3632 1608 3683 affectus
1628 3648 1732 3682 sum
1752 3647 1865 3697 erga
1881 3647 1964 3681 eos
1986 3630 2069 3697 qui
2091 3629 2406 3696 philosophia

210 3719 328 3768 dant
345 3733 561 3784 operatu,
580 3724 723 3782 atque
743 3715 853 3765 illos
872 3716 959 3781 qui
978 3715 1251 3764 bdbutiunt
1270 3730 1326 3765 ac
1349 3714 1542 3779 ludunt,
1562 3714 1782 3779 quotiens
1814 3712 1939 3762 cuim
1976 3711 2157 3776 aspicio
2178 3710 2408 3775 puellum,

210 3799 287 3849 eui
306 3800 533 3850 decorum
552 3798 709 3847 adbuc
728 3804 803 3848 est
824 3795 957 3860 loqui
978 3795 1046 3844 ita
1066 3794 1408 3844 balbutientem
1438 3795 1798 3859 ludentemqug
1812 3793 2024 3842 delector
2043 3809 2059 3852 ;
2091 3792 2407 3857 festivumque

211 3888 261 3928 et
277 3879 473 3929 liberale
493 3878 611 3927 mibi
631 3878 834 3936 videtur,
855 3875 1179 3941 puerilemque
1200 3876 1375 3924 decens
1395 3882 1602 3924 atatem.
1634 3873 1854 3938 quotiens
1872 3888 1984 3922 vero
2018 3872 2227 3937 puellum
2264 3873 2410 3922 audio

212 3961 353 4009 verba
370 3958 642 4024 expeditius
661 3958 1027 4022 exprimentem,
1047 3955 1298 4005 molestum
1324 3955 1554 4019 quiddam
1576 3954 1688 4003 mibi
1711 3953 1937 4010 oboritur,
1957 3967 2187 4018 auresque
2209 3952 2412 4002 offendit

212 4055 353 4097 meas,
383 4047 529 4104 atquc
564 4036 730 4090 servile
758 4036 1016 4103 quippiam
1047 4052 1145 4101 pro
1174 4052 1225 4086 se
1246 4035 1366 4085 serre
1389 4035 1593 4085 videtur.
1659 4033 1882 4090 Ceterum
1902 4049 2011 4082 cum
2032 4032 2180 4082 virum
2203 4035 2311 4098 quis
2333 4033 2410 4094 vel

211 4121 341 4169 audit
361 4120 702 4170 balbutientem
723 4119 798 4169 vel
821 4119 955 4168 videt
978 4117 1242 4181 ludentem,
1264 4115 1517 4166 ridiculum
1551 4113 1601 4162 id
1624 4114 1816 4179 quidem
1847 4128 1876 4162 a
1906 4112 2103 4177 viroque
2123 4113 2329 4163 alienum
2352 4128 2409 4161 ac

214 4199 405 4264 dignum
424 4199 577 4265 plagis
598 4207 811 4264 apparet.
880 4197 1019 4248 Idem
1042 4198 1185 4262 igitur
1205 4212 1316 4261 erga
1349 4196 1754 4268 pbilosophantes,
1775 4194 1890 4243 mihi
1924 4192 2103 4243 evenit.
2167 4191 2226 4239 In
2247 4191 2409 4240 adole·

214 4289 368 4330 secate
382 4281 509 4330 enim
523 4279 870 4345 philosophiam
885 4294 1081 4329 cernens
1104 4278 1240 4328 valde
1253 4279 1482 4335 delector,
1505 4278 1778 4341 decensque
1783 4273 1971 4339 judico,
1990 4279 2132 4335 atque
2148 4272 2408 4331 ingenuum

216 4375 312 4410 esse
347 4361 587 4411 bominem
619 4362 746 4411 hunc
777 4359 1031 4411 existimo:
1067 4376 1174 4410 eum
1198 4359 1431 4425 vero,7qui
1462 4374 1560 4408 non
1593 4356 1975 4422 philosophetur,
2003 4347 2296 4401 illiberalem,
2318 4360 2409 4395 nec

212 4455 418 4506 unquam
457 4440 731 4507 preclarum
766 4441 946 4506 aliquid
981 4457 1037 4491 ac
1068 4455 1346 4506 generosum
1379 4442 1443 4490 de
1473 4455 1526 4488 se
1557 4439 1664 4503 ipso
1694 4434 2025 4510 prestiturum·
2092 4424 2187 4474 Sed
2217 4425 2409 4488 qutndo
