2917 4975
496 425 573 483 58
1380 419 1782 481 PLA‘roNJs
2540 429 2685 510 [342

497 578 690 637 rideris,
709 581 863 644 ipsum
884 577 1013 642 quod
1034 575 1225 625 difficile
1246 575 1441 640 dicitur,
1476 575 1669 624 sorsitsn
1692 574 1983 624 Simonidem
2015 592 2112 626 non
2133 579 2205 627 ita
2231 580 2490 645 accepisse,
2513 591 2569 632 nt
2589 584 2689 649 ipse

495 676 624 714 nunc
644 659 818 723 socipis
839 675 851 705 ε
886 672 1041 706 verum
1067 663 1289 721 tanquam
1312 656 1485 705 malum
1509 665 1559 705 et
1579 656 1968 720 graveaquiddn'm
2004 658 2366 724 intelligendum
2383 678 2493 711 esse
2507 666 2685 727 passim

496 758 571 791 me
593 739 820 800 Prodicus
838 739 1078 788 admonet.
1111 753 1221 786 nsm
1241 737 1427 802 quoties
1448 738 1522 786 vel
1544 737 1690 786 alium
1706 737 1921 796 lauduna
1935 741 2011 788 vel
2029 741 2156 789 teitu
2172 741 2339 805 loquor
2362 760 2375 792 ε
2410 743 2689 809 Protagoras

495 820 683 884 sapiens
705 820 774 867 vir
795 827 886 884 est,
907 829 956 870 et
976 819 1143 875 δεινὸς.
1180 821 1229 868 id
1252 826 1341 876 est,
1366 821 1620 867 vehemens
1640 818 1918 883 gravisque:
1955 821 2151 885 corripit
2171 837 2248 871 me
2277 824 2526 884 continuo,
2559 829 2686 890 quod

494 903 618 948 bona
656 901 813 964 gravis
847 901 1002 950 dicam
1028 919 1044 962 3
1074 916 1182 949 cum
1220 915 1359 964 greve
1391 898 1566 947 malum
1600 900 1681 949 sit.
1747 899 1905 948 Nemo
1944 901 2069 949 enim
2101 901 2169 950 ite
2205 904 2414 967 loquitur
2447 914 2503 954 ut
2547 908 2691 969 dicat,

493 996 655 1044 graves
674 981 881 1038 divitias,
916 997 1100 1045 gravem
1141 997 1322 1045 pacem,
1352 980 1599 1029 sanitatem
1639 973 1859 1045 gravem:
1892 982 2039 1030 immo
2059 998 2248 1047 gravem
2286 987 2518 1044 morbum,
2553 1003 2691 1051 grave

494 1063 688 1118 bellum,
731 1077 918 1125 gruem
948 1070 1310 1126 paupertatem3
1342 1062 1479 1126 qussi
1500 1076 1657 1123 grave,
1693 1062 1744 1109 id
1783 1069 1873 1118 est,
1908 1078 2176 1127 onerosum,
2211 1065 2386 1113 mulum
2409 1066 2494 1114 sit.-
2550 1068 2691 1118 Forte
2795 1075 2802 1086 ¹

494 1144 636 1207 igitur
656 1143 770 1193 Chii
794 1152 937 1208 stque
952 1142 1220 1193 Simonides
1243 1144 1395 1207 ipsum
1419 1141 1632 1199 difficile,
1653 1142 1726 1190 vel
1749 1149 1804 1191 ut
1823 1143 1998 1191 melum
2020 1144 2284 1209 accipiunt,
2309 1147 2382 1195 vel
2405 1148 2536 1197 aliud
2559 1153 2687 1213 quod

495 1232 544 1272 tu
565 1224 720 1272 minus
734 1224 979 1288 intelligis.
1044 1224 1169 1288 Ergo
1191 1240 1222 1271 s
1242 1223 1447 1271 Prodico
1470 1222 1764 1272 sciscitemur
1788 1240 1801 1273 :
1837 1223 2003 1289 (decet
2022 1224 2149 1274 enim
2174 1227 2236 1275 de
2268 1228 2524 1277 Simonidis
2545 1233 2690 1295 serip-

494 1306 559 1354 tis
576 1307 705 1356 bunc
729 1306 924 1355 menime
950 1304 1209 1369 percontari
1231 1305 1270 1367 z)
1303 1304 1568 1362 Quidnam.
1600 1320 1631 1352 o
1667 1304 1890 1367 Prodice,
1926 1305 2198 1356 Simonides
2232 1308 2339 1371 ipso
2369 1309 2576 1359 difficilis
2606 1328 2691 1359 ne-

497 1388 627 1437 mine
662 1387 950 1452 subintelligi
988 1385 1167 1435 voluit?
1233 1384 1401 1436 Peon.
1449 1385 1640 1434 Malum
1685 1386 1918 1450 profecto.
1983 1387 2066 1438 So.
2115 1387 2195 1436 Ob
2237 1390 2349 1448 hoc,
2389 1398 2445 1437 ut
2483 1393 2693 1448 arbitror.

498 1471 721 1528 Prodice.
763 1472 997 1520 Pittacum
1032 1467 1351 1531 reprehendit,
1389 1468 1650 1532 dicentem,
1683 1468 1878 1517 difficile
1901 1484 2013 1518 *esse
2052 1471 2229 1518 bonum
2268 1486 2492 1521 uanae:
2548 1489 2606 1523 sc
2652 1475 2691 1523 si

498 1557 714 1620 dixisset,
736 1556 904 1603 melum
926 1568 1025 1601 esse
1045 1565 1233 1598 manere
1253 1551 1447 1601 bonum.
1515 1549 1684 1599 Pnon.
1717 1549 1782 1597 Et
1801 1549 1915 1615 quid
1939 1550 2070 1599 aliud
2102 1559 2258 1615 putas,
2275 1569 2323 1601 ὀ
2343 1553 2579 1612 Socrates,
2602 1557 2691 1604 sibi

498 1637 703 1684 voluisse
734 1634 1042 1691 Simonidem,
1080 1647 1222 1695 qusm
1246 1632 1514 1696 vituperare
1545 1631 1801 1688 Pittacum,
1842 1632 1973 1696 quod
2011 1633 2204 1681 nomine
2239 1642 2366 1684 recte
2404 1636 2695 1701 distinguere

421 1739 433 1752 κ
503 1718 760 1773 nesciebat,
800 1723 967 1777 utpote
985 1713 1069 1776 qui
1092 1712 1289 1761 Lesbius
1309 1720 1428 1768 erat,
1447 1720 1500 1761 et
1537 1713 1588 1760 in
1608 1728 1723 1761 voce
1747 1713 1985 1761 burbsricn
2005 1714 2274 1763 educatus?
2341 1716 2426 1764 So.
2460 1716 2634 1775 Audis,
2665 1737 2695 1766 ο

499 1798 770 1859 Protagora,
794 1809 899 1857 que
922 1793 1152 1842 Prodicus
1176 1794 1263 1842 iste
1284 1793 1440 1842 dicit?
1509 1793 1642 1851 Quid
1664 1794 1726 1841 ad
1748 1794 1885 1842 lime?
1952 1794 2445 1844 Peos-:Permultum
2467 1798 2623 1856 abest,
2645 1807 2697 1848 ut

497 1879 562 1925 ita
584 1878 667 1932 sit,
686 1875 903 1924 Prodiee.
938 1883 1064 1924 certe
1099 1873 1320 1938 equidem
1357 1874 1477 1932 scio,
1514 1874 1805 1923 Simonidem
1842 1874 2044 1924 difficilis
2062 1877 2270 1937 nomine,
2307 1877 2358 1926 id
2394 1879 2524 1942 quod
2548 1888 2599 1927 et
2619 1877 2699 1928 elii

499 1959 671 2020 solent,
688 1955 952 2020 significare
973 1955 1194 2018 voluisse,
1215 1971 1310 2003 non
1332 1955 1530 2017 melum,
1552 1955 1695 2003 immo
1712 1956 1841 2019 qnod
1863 1971 1961 2004 non
1982 1956 2140 2014 facile,
2158 1958 2240 2006 sed
2264 1958 2420 2006 multis
2439 1975 2548 2007 cum
2566 1961 2698 2008 lubo-

498 2040 626 2087 ribus
646 2045 955 2100 comparatur.
1020 2037 1106 2085 So.
1140 2037 1244 2100 Ego
1267 2038 1380 2084 item
1417 2037 1507 2086 boc
1534 2036 1742 2085 voluisse
1776 2037 2069 2085 Simonidem
2104 2038 2313 2096 arbitror,
2353 2055 2383 2087 o
2420 2039 2700 2104 Protagora,

498 2120 721 2182 idemque
743 2117 994 2167 Prodicum
1020 2117 1283 2182 intelligere
1304 2134 1318 2167 ε
1354 2118 1436 2166 sed
1455 2117 1612 2182 jocari
1637 2125 1814 2177 tecum,
1838 2125 2113 2183 tentareque
2134 2127 2200 2176 te,
2215 2127 2369 2168 utrum
2390 2123 2592 2169 sermoni
2613 2130 2699 2170 tuo

500 2201 657 2248 velens
695 2199 954 2262 suffragari.
1023 2200 1168 2258 Quod
1193 2198 1318 2247 enim
1340 2198 1612 2248 Simonides
1633 2197 1827 2247 difficile
1847 2215 1943 2247 non
1969 2200 2142 2248 malum
2173 2200 2370 2264 intelligi
2393 2200 2522 2258 velit,
2560 2219 2699 2267 argn-

502 2289 659 2330 mento
682 2289 793 2328 sunt
812 2295 920 2343 quse
937 2287 1212 2346 sequuntur.
1245 2279 1494 2345 subjungit
1514 2280 1659 2335 enim,
1695 2280 1825 2344 quod
1862 2282 1989 2329 solus
2029 2280 2169 2329 Deus
2189 2283 2281 2329 hoc
2302 2297 2492 2331 munere
2511 2283 2698 2334 fruitur.

499 2362 672 2426 Neque
694 2377 802 2409 vero
824 2361 863 2409 si
886 2361 1029 2410 vellet
1044 2362 1215 2410 melum
1237 2376 1340 2410 esse
1362 2362 1538 2410 bonum
1558 2376 1871 2425 perseverare,
1910 2361 2054 2427 paulo
2076 2369 2186 2425 post
2205 2361 2504 2427 adjungeret,
2541 2364 2697 2412 solum

500 2443 658 2493 Deum
686 2442 829 2506 hujus
844 2452 1111 2508 compotem
1132 2458 1253 2499 esse,
1284 2442 1491 2508 Deoque
1512 2442 1600 2491 soli
1623 2457 1792 2493 munus
1816 2443 1863 2491 id
1897 2443 2187 2492 attribueret.
2252 2442 2532 2493 dissolutum
2550 2444 2710 2509 plane-

498 2524 750 2578 hominem.
779 2539 869 2572 nec
907 2523 1003 2571 ullo
1023 2525 1165 2572 modo
1199 2524 1372 2573 Chium
1397 2523 1628 2572 Prodicus
1647 2525 1713 2571 itu
1728 2524 1910 2572 diceret
1921 2523 2064 2572 fuisse
2097 2525 2403 2575 Simonidem.
2469 2526 2698 2575 Ceterum

502 2605 614 2669 quid
639 2604 830 2652 tandem
852 2604 1051 2651 sensisse
1072 2604 1121 2650 in
1143 2604 1215 2650 his
1229 2604 1515 2651 carminibus
1535 2602 1823 2651 Simonidem
1846 2605 2037 2660 ducum,
2057 2605 2190 2656 vobis
2211 2607 2449 2670 aperiam·
2472 2606 2621 2671 [3⁴2]
2654 2609 2701 2657 si

500 2686 568 2734 vis
588 2686 651 2733 de
673 2701 747 2739 me
769 2684 1028 2747 periculum
1060 2683 1236 2739 facere,
1275 2682 1673 2746 quemadmodum
1708 2682 1834 2731 circs
1857 2682 2049 2745 poetice
2067 2684 2155 2731 sim
2179 2686 2395 2737 affectus.
2429 2688 2502 2735 sin
2534 2696 2699 2736 nutem

497 2768 587 2828 vis,
605 2773 654 2814 te
671 2765 877 2813 audiam.
945 2763 1226 2826 Protagoras
1241 2777 1351 2811 cum
1371 2762 1476 2809 inec
1496 2761 1723 2817 audisset.
1756 2761 1827 2810 Ut
1848 2761 1999 2823 lubet,
2023 2763 2192 2826 inquit,
2213 2781 2242 2812 o
2265 2766 2499 2816 Socrates.
2534 2783 2701 2816 verum

499 2847 730 2897 Prodicus
761 2853 810 2894 et
831 2845 1058 2909 Hippius,
1096 2843 1271 2907 aliique
1309 2857 1475 2891 omnes
1496 2857 1633 2906 agere
1673 2857 1749 2890 me
1788 2844 1849 2888 its
1882 2842 2141 2904 jusserunt.
2207 2843 2446 2902 conabor,
2480 2847 2704 2912 inquam,

462 2930 467 2935 '
497 2928 612 2992 qnid
635 2928 697 2976 de
712 2927 787 2975 his
809 2925 1088 2975 carminibus
1110 2925 1329 2987 sentiam,
1358 2923 1498 2971 vobis
1516 2937 1769 2987 exponere.
1835 2921 2231 2986 Antiquissimum
2267 2924 2396 2987 opud
2432 2925 2630 2977 Graecos
2653 2939 2711 2979 et

496 3011 746 3074 plurimum
768 3008 1013 3075 sapientia
1033 3006 1241 3056 studium
1263 3007 1313 3054 in
1336 3005 1482 3055 Crete
1500 3012 1552 3054 et
1570 3003 1933 3055 lacedemonia
1957 3010 2188 3068 exstat,et
2206 3005 2430 3068 sophista
2451 3006 2613 3071 plures
2633 3013 2711 3062 ibi

501 3106 644 3156 quam
665 3090 781 3143 alibi
804 3106 1002 3157 usquam
1022 3088 1350 3155 reperiuntur:
1385 3085 1685 3135 dissimulant
1704 3092 1883 3146 autem,
1920 3093 1974 3134 et
2001 3084 2246 3151 imperitos
2282 3102 2384 3135 esse
2418 3103 2469 3136 se
2490 3088 2707 3157 fingunt,

496 3188 561 3222 ne
601 3183 783 3223 ceteros
805 3173 999 3221 Gnecos
1018 3186 1235 3234 superare
1258 3169 1496 3233 snpientia
1514 3167 1931 3232 deprehendantur
1953 3185 1965 3213 :
1999 3166 2171 3233 (instar
2189 3183 2370 3225 eorum,
2392 3184 2512 3233 quos
2533 3170 2710 3223 Prota-

504 3269 638 3317 goras
659 3255 895 3317 sophistas
915 3266 1056 3314 suprs
1089 3252 1280 3299 dicebat
1299 3250 1342 3313 z)
1375 3250 1459 3299 sed
1490 3258 1547 3298 ut
1581 3250 1828 3298 videantur
1850 3264 1900 3298 re
1923 3247 2109 3298 militari
2144 3249 2301 3313 potius
2336 3256 2390 3298 et
2418 3249 2705 3305 fortitudine

500 3342 680 3384 ceteros
702 3332 915 3390 anteire3
947 3329 1246 3392 suspicentur
1265 3329 1413 3384 enim,
1433 3344 1496 3376 ne
1513 3330 1560 3377 si
1579 3331 1702 3378 forte
1723 3330 1896 3379 mentis
1913 3329 2098 3397 illorum
2114 3331 2302 3379 habitus
2322 3332 2535 3395 patefiat,
2556 3337 2706 3384 ceteri

501 3430 666 3463 omnes
686 3415 810 3461 idem
835 3409 1042 3459 studium
1053 3413 1416 3472 prosequuntur.
1466 3407 1592 3472 Ergo
1613 3410 1773 3458 celent
1793 3410 2139 3475 decipiuntque
2156 3411 2353 3476 incolas,
2370 3414 2455 3476 qui
2475 3412 2708 3463 laedae-v

499 3496 685 3545 monios
719 3491 961 3541 imitantur
991 3488 1171 3536 aurium
1208 3487 1586 3550 circumcisione,
1619 3488 1916 3538 involutione
1953 3491 2250 3554 corigiarnm,
2287 3494 2702 3546 exercitationibus

500 3575 724 3641 eorporis,
745 3571 962 3621 brevibus
980 3568 1206 3627 restibus,
1226 3568 1426 3634 perinde
1455 3584 1514 3618 ec
1533 3570 1572 3618 si
1596 3568 1926 3634 hujuscemodi
1959 3572 2096 3619 rebus
2133 3573 2482 3633 Lscedaenmnii
2516 3584 2700 3625 ceteros

502 3659 696 3709 Gneeos
715 3660 1016 3718 exsuperent.
1081 3650 1430 3701 lacedemonii
1446 3667 1559 3700 vero
1572 3651 1759 3716 quoties
1774 3667 1882 3701 cum
1898 3652 2120 3717 sophistis
2132 3655 2230 3703 suis
2246 3655 2437 3704 liberius
2447 3659 2702 3708 convenire

500 3737 685 3794 volunt,
713 3742 1007 3784 externorum
1038 3733 1278 3783 hominum
1300 3732 1664 3782 familiaritatem
1687 3747 1809 3796 egre
1826 3734 2002 3792 ferunt,
2037 3743 2089 3783 et
2124 3736 2390 3785 clanculum
2410 3753 2699 3801 congregan-

503 3826 594 3875 tur,
614 3817 908 3882 exclusisque
929 3816 1185 3881 peregrinis
1204 3815 1442 3872 omnibus,
1478 3830 1590 3875 uns,
1606 3831 1713 3864 cum
1752 3815 1975 3880 sophistis
2010 3816 2701 3880 philosophatum-prohibent

500 3899 620 3965 quin
642 3898 782 3947 etism
804 3907 856 3946 et
876 3898 970 3963 ipsi
988 3905 1040 3946 et
1062 3897 1311 3947 Cretenses
1331 3896 1659 3947 adolescentes
1681 3896 1796 3946 sliss
1818 3898 1955 3945 urbes
1972 3896 2122 3958 adire,
2143 3913 2205 3946 ne
2225 3913 2334 3962 qum
2355 3898 2484 3962 apud
2506 3913 2590 3946 eos
2610 3899 2700 3947 do·

503 3987 683 4035 centur.
704 3979 815 4028 alibi
828 3980 949 4028 forte
970 3978 1234 4030 dediscant.
1302 3978 1629 4044 Reperiuutur
1660 3978 1711 4025 in
1747 3978 1832 4025 his'
1855 3975 2121 4026 civitatibus
2154 3993 2248 4026 non
2271 3978 2355 4026 viri
2380 3986 2560 4027 tuntum
2582 3979 2700 4029 doc·

505 4061 625 4108 trina
649 4060 843 4124 egregii,
865 4076 1026 4107 verum
1060 4060 1202 4109 etism
1233 4059 1469 4109 mulieres.
1537 4058 1682 4118 Quod
1724 4067 1880 4107 sutem
1899 4074 2009 4107 vera
2044 4058 2228 4123 loquar,
2263 4067 2314 4108 et
2347 4059 2700 4109 lacedemonii

504 4142 683 4205 optime
703 4142 764 4190 sd
789 4141 1136 4205 philosophiam
1159 4156 1490 4206 sermonesque
1510 4141 1608 4190 sint
1627 4140 1838 4198 edueati,
1877 4140 1990 4188 hinc
2010 4138 2211 4189 maxime
2244 4140 2414 4190 intueri
2452 4141 2580 4191 licet.
2645 4142 2694 4190 Si

503 4221 612 4285 quis
632 4237 739 4270 cum
765 4221 986 4269 vilissimo
1007 4210 1684 4286 quoque-IA'eedoemoniorum
1705 4221 2017 4284 colloquatur,
2037 4221 2201 4269 rudem
2223 4221 2501 4287 plerumque
2521 4223 2574 4270 in
2598 4238 2699 4271 ver-

504 4301 575 4349 bis
595 4316 818 4367 nppsrere
838 4318 947 4350 eum
969 4304 1119 4366 primo
1138 4303 1410 4367 comperiet.
1443 4303 1622 4352 deinde
1644 4302 1915 4366 ubicunque
1936 4300 2168 4365 tuiipsius
2189 4303 2519 4366 opportunitas
2533 4303 2699 4368 exigit5

504 4382 652 4431 instar
671 4383 958 4433 vehementis
978 4382 1251 4447 jaculatoris
1272 4385 1461 4432 verbum
1487 4400 1583 4433 non
1607 4384 1740 4450 parvi
1760 4382 1985 4432 momenti
2002 4383 2141 4431 breve
2160 4391 2519 4446 contortumque
2535 4383 2699 4447 ejnc'u·

505 4462 644 4529 latur,
679 4476 730 4514 ut
767 4465 848 4530 qui
871 4481 978 4516 cum
1017 4480 1075 4513 eo
1108 4463 1328 4528 loquitur,
1367 4465 1484 4513 nihil
1523 4481 1552 4513 a
1582 4478 1726 4531 puero
1765 4465 1950 4513 differre
1989 4464 2292 4512 existimetur.
2361 4463 2505 4521 Quod
2542 4471 2698 4513 autem
