2917 4975
553 463 667 523 1¹78
990 542 997 549 .
1079 450 1413 515 INCERTI
1459 446 1872 511 AUCTORIS
1915 448 2202 510 MINOS.
2591 451 2736 529 [321

544 628 618 671 est
637 616 1087 685 compotationibus,
1106 620 1250 679 atque
1270 609 1508 677 ejusmodi
1528 609 1654 658 indis
1676 607 1915 658 abstinent
1951 617 2119 673 proter
2139 608 2390 659 Cretenses
2416 615 2561 673 atque
2599 607 2744 659 Lace·

546 698 926 763 dmonios‚qui
948 712 976 744 a
1002 694 1310 745 Cretensibus
1346 691 1635 741 didicerunt.
1669 689 1717 736 iu
1757 689 1902 738 Creta
1938 698 2164 754 proterea
2193 689 2316 737 inter
2352 685 2532 738 ceteras
2563 688 2744 741 Minois

544 783 697 847 ipsius
719 781 848 846 leges
866 781 970 828 haec
991 784 1162 835 exstat,
1200 775 1281 824 Ne
1318 773 1524 823 invicem
1553 771 1840 836 computetis
1872 773 1936 819 ad
1967 772 2261 821 ebrietatem.
2328 771 2533 821 Constat
2569 778 2746 828 autem,
2805 788 2814 797 ·

547 879 675 919 eum,
698 877 806 926 qnae
827 861 1025 909 honesta
1046 858 1289 914 censebat,
1324 853 1508 904 civibus
1544 852 1641 902 suis
1675 853 1967 901 observanda
1988 853 2252 901 mandasse.
2283 866 2441 915 neque
2470 851 2639 901 Minos
2659 853 2745 901 im·

546 942 685 1009 probi
704 941 909 990 hominis
928 939 1075 988 instar
1094 937 1190 987 alia
1210 938 1313 1001 ipse
1332 934 1540 991 fecisset,
1571 934 1667 983 alia
1697 933 1917 982 facienda
1953 934 2238 983 mandasset.
2269 941 2476 983 ceterum
2497 940 2601 982 erat
2631 948 2747 982 con·

544 1024 751 1074 suetudo
771 1023 875 1085 illa,
899 1028 952 1070 ut
973 1020 1092 1079 dixi,
1113 1017 1383 1083 disciplinae
1419 1015 1571 1081 gratia
1590 1015 1836 1064 verborum
1871 1013 2097 1085 collatio:
2133 1022 2382 1079 propterea
2419 1013 2549 1078 leges
2582 1012 2747 1077 hujus-

549 1104 681 1154 modi
701 1103 883 1154 civibus
904 1101 1001 1151 suis
1023 1099 1248 1156 instituit,
1270 1112 1468 1163 quarum
1492 1096 1820 1145 observatione
1841 1095 1987 1146 Creta
2013 1111 2098 1160 per
2124 1111 2264 1144 omne
2302 1102 2492 1158 tempus
2525 1100 2600 1144 est
2618 1094 2747 1151 felix,

550 1201 606 1235 ac
627 1184 770 1234 etiam
793 1183 1127 1244 Lacedaemon,
1144 1196 1203 1229 ex
1220 1194 1317 1243 quo
1339 1179 1396 1227 iis
1418 1176 1620 1241 legibus,
1642 1184 1812 1240 utpote
1832 1175 2021 1239 divinis,
2037 1177 2108 1224 uti
2125 1176 2289 1241 coepit.
2353 1173 2749 1224 Rhadamanthus

547 1273 706 1315 autem
728 1264 799 1313 vir
813 1265 1006 1327 quidem
1045 1264 1198 1310 bonus
1233 1259 1447 1308 exstitit:
1482 1275 1512 1308 a
1534 1257 1710 1308 Minoe
1746 1257 1979 1323 siquidem
2017 1257 2274 1306 instructus
2311 1265 2429 1306 erut.
2462 1272 2554 1307 nec
2589 1264 2750 1306 tamen

548 1346 722 1410 regiam
741 1343 1041 1409 disciplinam
1059 1357 1267 1405 omnem,
1288 1342 1373 1390 sed
1394 1341 1495 1404 regi
1530 1346 1713 1388 tantum
1751 1339 2010 1389 ministrare
2048 1339 2099 1388 in
2130 1338 2349 1404 judiciis,
2381 1338 2589 1389 didicit:
2623 1339 2751 1391 unde

543 1425 693 1490 judex
718 1424 896 1489 peritus
915 1423 1184 1490 appellatus
1204 1430 1293 1472 est.
1326 1438 1385 1471 eo
1409 1421 1570 1486 plane,
1592 1421 1740 1470 veluti
1776 1422 1932 1485 legum
1965 1422 2182 1479 custode,
2218 1435 2302 1485 per
2340 1420 2498 1469 urbem
2533 1436 2645 1469 usus
2678 1428 2753 1470 est

549 1506 747 1557 Minos:
783 1507 843 1555 ad
867 1505 1093 1571 reliquam
1114 1518 1227 1553 vero
1248 1503 1437 1553 Cretam
1461 1503 1660 1551 custode
1680 1502 1838 1554 Tullo.
1902 1502 2068 1551 Tellus
2083 1501 2209 1550 enim
2232 1510 2303 1550 ter
2321 1502 2579 1566 quotannis
2604 1516 2752 1567 pagos

551 1602 717 1637 omnes
732 1572 980 1645 lustrabat,
1003 1587 1131 1651 leges
1157 1601 1319 1634 eorum
1350 1586 1694 1641 observaturus,
1730 1584 1901 1632 tabulis
1939 1583 2074 1632 treis
2111 1582 2238 1648 leges
2270 1582 2530 1646 insculptas
2552 1582 2751 1632 eir-cum-

549 1669 733 1716 ferens:
767 1669 897 1717 unde
924 1683 1058 1719 ereo
1086 1667 1344 1714 nominato
1377 1673 1509 1714 sunt.
1572 1664 1812 1713 Hesiodus
1836 1672 2062 1729 praterea
2082 1664 2253 1713 similia
2273 1664 2491 1729 quodam
2511 1664 2564 1713 in
2592 1664 2750 1729 ipsum

550 1747 774 1797 Minoem
790 1748 964 1796 intulit.
995 1763 1107 1796 nam
1127 1762 1234 1796 cum
1257 1746 1462 1795 nominis
1497 1745 1624 1794 illius
1646 1746 1930 1795 mentionem
1955 1745 2162 1804 fecisset,
2185 1746 2373 1810 inquit:
2411 1746 2514 1803 Qu·
2533 1746 2751 1797 maffi-

545 1829 635 1878 bns
669 1828 863 1891 regibus
890 1828 1146 1892 prestitit,
1169 1826 1474 1891 pluribusque
1490 1825 1716 1889 gentibus
1735 1827 2005 1890 imperavit,
2023 1827 2166 1878 Jonis
2186 1832 2423 1897 sceptu-nun
2441 1827 2638 1891 habens,
2663 1842 2752 1891 qao

546 1906 773 1959 'civitates
789 1909 1002 1971 regebat.
1068 1907 1165 1956 Hic
1198 1907 1315 1956 item
1351 1912 1587 1971 sceptrum
1623 1907 1759 1956 Jovis
1794 1906 1913 1956 nihil
1935 1908 2064 1957 aliud
2087 1908 2243 1964 vocat,
2263 1923 2404 1971 quam
2425 1907 2563 1958 Jovis
2579 1908 2754 1957 doctri·

552 2005 679 2049 nam,
701 2006 796 2054 qua
810 1989 999 2053 Cretam
1019 2004 1207 2038 omnem
1230 1989 1576 2038 moderabatur.
1641 1987 1783 2038 Mm.
1818 1987 1975 2046 Quam
2000 1989 2145 2053 igitur
2174 1990 2236 2037 ob
2275 2003 2480 2046 causatu,
2517 1989 2752 2047 Socrates,

552 2072 679 2119 fama
698 2073 801 2121 haec
823 2072 945 2120 inter
962 2070 1177 2119 homines
1193 2069 1368 2119 diffusa
1387 2077 1480 2133 est,
1501 2068 1722 2119 Minoem
1745 2069 1899 2134 ipsum
1928 2072 2093 2119 rudem
2113 2071 2377 2135 durumque
2398 2069 2639 2118 bominem
2671 2085 2753 2119 ex-

554 2153 767 2202 stitisse?
833 2154 921 2202 So.
954 2152 1034 2201 Ob
1054 2167 1197 2216 quam
1219 2159 1270 2200 et
1301 2159 1370 2208 tu,
1404 2165 1435 2198 ο
1472 2150 1546 2199 vir
1566 2151 1766 2214 optime,
1788 2158 1838 2200 et
1861 2152 2182 2217 unusquisque
2209 2151 2348 2208 alius,
2381 2150 2458 2199 eui
2480 2149 2609 2198 fama
2627 2163 2751 2199 curn

552 2242 642 2291 est,
666 2234 704 2282 si
726 2234 869 2283 modo
890 2233 1073 2298 sapitis,
1110 2233 1368 2297 diligenter
1385 2247 1554 2282 cavere
1575 2232 1779 2290 debetis,
1800 2249 1862 2282 ne
1884 2231 2128 2298 poeticum
2148 2233 2386 2281 hominem
2405 2232 2644 2281 infensum
2665 2230 2751 2279 ali·

554 2331 698 2379 quem
718 2315 947 2364 habeatis.
981 2313 1140 2378 po‘e‘tae
1160 2314 1344 2379 quippe
1366 2315 1461 2362 vim
1480 2314 1726 2362 maximam
1750 2312 1801 2363 in
1823 2322 2070 2378 utramque
2089 2322 2292 2379 partem,
2310 2320 2362 2362 et
2377 2313 2440 2361 ad
2461 2312 2749 2361 laudandum

553 2404 604 2445 et
640 2396 701 2443 ad
740 2394 1123 2459 vituperandum,
1158 2396 1350 2443 habent.
1382 2409 1482 2459 qua
1514 2394 1564 2442 in
1602 2410 1652 2443 re
1686 2396 1901 2461 profecto
1939 2396 2107 2444 Minos
2139 2394 2363 2459 deliquit,
2381 2408 2490 2442 cum
2516 2393 2626 2441 huic
2647 2391 2755 2441 urbi

554 2476 728 2526 bellum
766 2475 1014 2532 indiceret,
1047 2490 1155 2539 quae
1189 2491 1300 2524 cum
1337 2475 1508 2524 ceteris
1539 2475 1832 2540 sapientibus
1871 2476 2101 2541 plurimis,
2121 2483 2222 2525 tum
2242 2475 2314 2525 vel
2352 2474 2551 2523 maxime
2591 2472 2751 2539 poetis

556 2556 710 2605 omnis
730 2556 932 2619 generis,
951 2570 1008 2604 ac
1030 2555 1219 2617 tragicis
1243 2555 1519 2617 praesertim,
1539 2555 1707 2604 referta
1728 2564 1817 2604 est.
1879 2556 2127 2620 Tragoedia
2150 2572 2259 2605 vero
2295 2557 2375 2606 hic
2412 2564 2485 2604 est
2521 2554 2753 2619 antiquis-

556 2637 705 2684 sima=
741 2649 850 2699 nec,
872 2643 928 2682 ut
951 2634 1162 2697 plerique
1183 2641 1371 2697 putant,
1411 2649 1440 2682 a
1455 2635 1698 2697 Thespide
1718 2642 1802 2683 aut
1822 2650 1849 2682 a
1873 2635 2151 2699 Phrynicho
2173 2637 2374 2701 sumpsit
2395 2636 2616 2685 initium:
2651 2635 2753 2697 sed,

552 2716 591 2763 si
615 2714 891 2779 perscrutari
912 2713 1131 2771 volueris,
1151 2713 1356 2777 reperies
1389 2713 1686 2777 Tragtediam
1721 2714 1861 2777 longe
1897 2713 2136 2779 antiquius
2176 2716 2317 2780 hujus
2351 2717 2561 2766 civitatis
2589 2718 2755 2766 inven-

553 2805 672 2843 tum.
721 2794 871 2859 [³21]
906 2793 1027 2843 Hoc
1061 2801 1217 2843 autem
1246 2809 1308 2843 ex
1347 2795 1562 2842 universa
1600 2794 1734 2858 poiisi
1759 2795 1989 2858 populum
2010 2797 2311 2845 vehementer
2346 2787 2579 2863 oblectat,
2614 2806 2756 2864 atque

546 2875 708 2926 allicit
726 2874 984 2932 auditores,
1017 2875 1067 2924 in
1088 2890 1182 2939 qua
1204 2889 1294 2925 nos
1315 2874 1470 2940 ipsum
1507 2873 1730 2925 Minoem
1765 2876 2041 2934 inserentes,
2075 2876 2166 2923 ulti
2193 2892 2385 2925 sumus:
2418 2879 2505 2926 sed
2541 2886 2600 2928 et
2617 2878 2758 2943 hujus

556 2957 705 3023 gratia
726 2956 903 3006 tributa
934 2957 1018 3006 illa
1054 2957 1263 3021 pendere
1297 2972 1386 3006 nos
1406 2955 1586 3021 coegit.
1649 2956 1710 3005 In
1741 2957 1833 3006 hoc
1853 2956 1998 3020 igitur
2018 2956 2221 3020 deliquit
2241 2956 2423 3016 Minos,
2441 2971 2550 3006 cum
2575 2974 2670 3010 nos
2689 2960 2758 3008 la,-

552 3047 772 3090 ees-eret.
804 3055 862 3089 ex
884 3053 981 3104 quo
1001 3037 1179 3096 evenit,
1213 3040 1343 3104 quod
1374 3038 1480 3104 ipse
1500 3036 1688 3103 quaeris,
1717 3045 1772 3086 nt
1807 3037 1995 3089 infamis
2015 3039 2253 3088 evaderet.
2285 3038 2511 3103 quoniam
2532 3041 2667 3103 quod
2688 3039 2759 3089 vir

555 3120 710 3170 bonus
729 3127 874 3185 atque
894 3120 1149 3186 legitimus,
1186 3127 1243 3168 ιιι
1278 3135 1423 3185 supra
1454 3119 1684 3184 diximus,
1716 3127 1767 3168 et
1798 3119 2034 3170 excellens
2071 3125 2232 3184 pastor
2251 3119 2420 3185 populi
2439 3119 2605 3188 fuerit,
2628 3122 2755 3186 lega

556 3200 662 3265 ejus
684 3207 960 3264 argumento
981 3208 1112 3257 sunt,
1144 3216 1252 3265 quo
1275 3201 1591 3250 immutabiles
1611 3208 1929 3265 perseverant,
1963 3209 2131 3265 utpote
2151 3215 2261 3250 vera
2288 3199 2495 3249 civitatis
2524 3203 2757 3265 guberna·

559 3281 689 3330 tione
725 3276 930 3345 re'perta.
995 3280 1135 3330 Mur.
1168 3280 1484 3330 Verisimilem
1519 3282 1769 3346 rationem,
1804 3297 1835 3331 ο
1880 3282 2113 3339 Semta.
2154 3282 2367 3330 attulisse
2407 3282 2601 3331 videris.
2664 3282 2754 3333 80.

558 3359 738 3408 Nonne
773 3360 935 3425 igitur,
970 3359 1013 3407 si
1034 3375 1144 3409 vera
1181 3361 1365 3423 loquor,
1400 3362 1625 3410 videntur
1660 3363 1745 3411 tibi
1785 3363 2051 3421 Cretenses,
2083 3362 2267 3412 Minois
2304 3361 2755 3429 Rhadamanthique

558 3439 706 3497 cives,
734 3438 1072 3502 antiquissimis
1108 3438 1291 3503 legibus
1330 3440 1434 3488 uti?
1499 3441 1639 3490 Μιιι.
1672 3442 1913 3492 Videntur
1935 3459 2068 3493 sanc.
2133 3444 2216 3496 So.
2248 3443 2337 3493 Isti
2357 3459 2471 3509 ergo
2496 3444 2753 3508 ptiscoeum

557 3519 765 3568 omnium
805 3519 1132 3583 legumlatores
1166 3519 1547 3569 excellentissimi
1576 3521 1786 3585 fuerunt,
1816 3523 2154 3589 hominumque
2177 3533 2418 3589 pastores=
2450 3526 2756 3589 quemadmo-

556 3602 673 3649 dum
695 3607 745 3648 et
761 3599 995 3649 Homerus
1023 3601 1200 3654 bunum
1220 3601 1452 3651 exercitus
1472 3602 1643 3652 ducem
1668 3609 1901 3667 pastorem
1923 3606 2095 3670 populi
2115 3613 2376 3670 nuncupat.
2441 3605 2581 3654 Mm.
2616 3606 2757 3655 Pror-

554 3698 654 3733 sus.
717 3681 803 3731 So.
836 3681 942 3744 Age
973 3680 1134 3745 itaque
1169 3697 1254 3745 per
1285 3682 1455 3731 Jovem
1493 3683 1804 3742 amicabilem,
1842 3685 1881 3732 si
1919 3687 2027 3750 quis
2062 3701 2151 3736 nos
2186 3693 2337 3750 roget,
2358 3685 2577 3736 eonditor
2596 3685 2754 3751 legum

557 3762 684 3812 circa
709 3763 918 3825 corporis
939 3760 1259 3812 valetudinem
1293 3763 1409 3827 quid
1440 3766 1626 3829 corpori
1665 3766 1881 3830 adhibet,
1919 3776 1972 3814 ut
1999 3768 2169 3816 bonam
2189 3767 2511 3816 valetudinem
2531 3768 2756 3816 tueatur?

558 3844 946 3908 responderemus
967 3841 1134 3909 utique'
1155 3852 1282 3894 recte
1303 3860 1362 3894 ac
1385 3845 1604 3910 breviter,
1624 3847 1754 3912 quod
1777 3848 2114 3897 nutrimentum
2138 3856 2190 3898 et
2222 3848 2513 3906 exercitium,
2551 3855 2652 3896 tum
2679 3848 2758 3895 in-

560 3924 778 3982 tendens,
821 3932 919 3973 tum
954 3926 1215 3988 remittens,
1255 3932 1399 3992 atque
1436 3927 1506 3975 ita
1546 3943 1720 3992 corpus
1757 3944 2066 3994 componens.
2132 3930 2271 3979 Min.
2326 3929 2499 3979 Probe.
2565 3929 2654 3979 So.
2703 3927 2758 3977 Si

560 4006 762 4070 posthac
780 4005 946 4054 iterum
968 4015 1166 4071 quorat,
1188 4006 1308 4055 lator
1331 4008 1487 4071 legum
1511 4009 1573 4058 ad
1597 4009 1802 4059 animam
1825 4011 2159 4075 pertinentium
2195 4008 2393 4076 ejusque
2431 4016 2596 4075 pastor
2627 4008 2756 4074 opti·

560 4101 665 4134 mus
685 4084 803 4150 quid
817 4085 890 4134 illi
913 4087 1142 4137 adhibens
1163 4088 1402 4137 meliorem
1426 4090 1607 4139 efficit?
1639 4092 1756 4156 quid
1777 4108 1868 4141 nos
1886 4092 1999 4142 huic
2021 4092 2316 4156 potissimum
2347 4090 2759 4156 respondebimus,

559 4175 618 4218 ιιι
648 4170 804 4218 minus
839 4170 901 4217 de
935 4170 1073 4219 nobis
1109 4169 1225 4236 ipsis
1256 4172 1415 4236 deque
1452 4179 1594 4221 atate
1625 4181 1785 4223 nostra
1816 4173 2180 4225 erubescamus?
2245 4174 2387 4223 Mm-
2411 4172 2548 4231 Quid
2583 4172 2758 4230 dicam,

560 4250 740 4302 nescio.
805 4250 891 4300 So.
921 4247 991 4298 At
1009 4257 1145 4316 turpe
1166 4252 1366 4301 nimium
1389 4254 1635 4319 utriusque
1656 4262 1866 4305 nostrum
1884 4256 2053 4306 animis
2068 4264 2158 4315 est,
2179 4256 2219 4305 si
2240 4270 2350 4321 quas
2370 4253 2600 4319 sibiipsis
2631 4254 2757 4302 bona

552 4332 743 4382 malave
777 4338 888 4382 eunt
916 4331 1152 4398 ignotam
1184 4347 1293 4399 quat
1313 4349 1425 4384 vero
1445 4334 1507 4384 ad
1528 4349 1702 4401 corpus
1735 4343 1788 4386 et
1819 4339 1880 4387 ad
1912 4337 2007 4388 alia
2040 4337 2297 4405 pertinent,
2316 4349 2604 4402 cognoscere
2623 4334 2756 4384 vide-

562 4420 717 4463 antur.
