2917 4975
192 430 344 508 239]
1093 428 1516 494 SOPHISTA.
2272 432 2384 498 351

181 587 316 639 Tua.
349 584 684 636 Necessarium
699 593 773 635 est
809 584 1022 636 omnino.
1088 583 1188 633 Hc.
1218 583 1393 648 Neque
1415 582 1465 632 id
1487 581 1867 643 concedendum,
1890 583 2128 635 hominem
2164 586 2307 636 talem
2327 586 2405 636 di-

185 683 294 717 cere
309 667 506 731 quidem
529 666 736 732 aliquid,
758 667 844 715 sed
866 682 963 714 non
988 681 1135 715 unum
1168 665 1304 730 quid,
1325 665 1376 713 id
1409 672 1484 714 est
1514 664 1633 713 nihil
1655 665 1831 716 dicere.
1893 665 2026 714 Tan.
2062 666 2213 731 Atqui
2237 683 2395 732 neque

185 747 322 811 loqui
343 749 577 812 dicendus
599 756 673 797 eat
694 747 794 803 ille.
815 746 899 811 qni
919 754 1118 795 conatur
1142 762 1242 795 non
1264 762 1349 795 ens
1369 746 1592 809 proferre.
1625 745 1750 794 unde
1787 761 1939 795 aermo
1978 754 2237 795 extremum
2259 746 2402 798 dubi·

187 829 386 877 tationis
412 829 623 888 haberet.
658 827 806 892 [238]
857 826 956 878 Ho.
990 826 1222 875 Nondum
1249 841 1475 890 magnum
1503 826 1595 877 hoc
1629 824 1781 875 dicas.
1814 834 1968 876 exstat
2002 827 2130 876 enim
2169 828 2347 892 adbuc,
2368 844 2401 878 ο

187 910 347 966 beate,
372 908 497 958 circa
517 908 621 956 haee
644 907 994 957 dubitationum
1028 907 1230 956 maxima
1262 914 1407 971 atque
1439 907 1609 971 prima,
1630 921 1739 972 qnae
1770 907 1895 957 circa
1924 906 2078 971 ipsius
2110 907 2398 973 principium

185 987 384 1038 accidit.
448 988 582 1038 Τιιι.
616 989 728 1047 Quo
766 997 910 1053 paeto
942 987 994 1037 id
1032 986 1183 1047 dicas,
1204 988 1415 1050 declara,
1447 989 1635 1047 amabo,
1668 1004 1824 1052 neque
1862 996 1910 1038 tc
1944 990 2122 1054 pigeat.
2188 989 2294 1038 110.
2329 989 2397 1038 Ei

187 1084 303 1120 nane
345 1069 478 1132 quod
515 1076 606 1126 est,
626 1067 811 1132 aliquid
843 1068 1042 1117 alterum
1075 1082 1236 1117 eornm
1270 1083 1378 1131 qum
1411 1075 1544 1130 sunt,
1561 1069 1836 1133 contingere
1857 1076 2034 1133 potest.
2097 1071 2231 1120 Tan.
2262 1069 2401 1119 Nihil

185 1149 430 1213 prohibet.
494 1148 597 1197 Ho.
632 1148 690 1196 Ei
714 1164 823 1196 rero
843 1148 973 1211 quod
998 1163 1098 1195 non
1119 1156 1209 1204 est,
1233 1148 1479 1211 aliquidne
1501 1164 1558 1195 ex
1580 1148 1654 1195 his
1687 1163 1794 1212 qum
1827 1157 1958 1207 sunt,
1986 1150 2152 1199 adesse
2189 1166 2401 1215 unquam

184 1244 327 1294 posse
349 1229 599 1278 dicemus?
664 1228 797 1278 Tua.
830 1227 1168 1291 Nequaquam·
1230 1227 1335 1278 Ηο.
1370 1226 1652 1276 Universum
1676 1243 1971 1276 numerorum
1992 1230 2204 1292 genusin
2225 1233 2394 1280 ordine

186 1325 373 1367 eorum,
393 1324 503 1373 quae
526 1316 657 1374 sunt,
681 1308 936 1372 ponimus?
1001 1306 1137 1358 Tur-z.
1171 1306 1333 1366 Certe,
1355 1306 1398 1356 si
1430 1308 1575 1355 modo
1612 1307 1740 1355 aliud
1774 1308 2030 1371 quicquam
2061 1308 2111 1356 in
2132 1326 2191 1358 eo
2214 1327 2403 1374 ponen-

186 1391 328 1440 dum.
393 1390 496 1438 Ηο.
529 1390 692 1446 Quare
732 1403 822 1437 nec
858 1403 1158 1436 numeromm
1187 1387 1538 1436 multitudinem
1573 1402 1729 1450 neque
1762 1403 1908 1435 unum
1929 1403 2027 1437 non
2051 1389 2150 1436 enti
2169 1390 2402 1439 adhibea-

187 1485 316 1530 mus.
382 1468 518 1530 Tua.
555 1468 696 1518 Hand
735 1475 863 1518 recte
903 1467 1252 1524 adhiberemus,
1273 1473 1329 1514 ut
1361 1466 1482 1514 ratio
1517 1466 1656 1515 nobis
1690 1467 1920 1520 ostendit.
1985 1467 2089 1517 Hc.
2123 1468 2236 1526 Quo
2258 1478 2403 1532 pacto

184 1548 338 1614 igitur
359 1548 435 1595 vel
461 1563 541 1596 ore
557 1547 781 1611 proferret
802 1546 1056 1611 quisquam
1077 1546 1152 1595 vel
1170 1544 1459 1610 cogitatione
1476 1546 1897 1610 comprehenderet
1918 1563 1993 1605 ea,
2015 1563 2125 1611 quae
2146 1563 2244 1596 non
2267 1554 2398 1608 sunt,

183 1628 269 1677 vel
292 1643 519 1692 nonem,
537 1643 744 1677 seorsum
777 1643 807 1676 a
839 1627 1068 1676 numero?
1132 1626 1264 1676 Τιιι.
1302 1627 1414 1685 Qua
1444 1626 1677 1690 ratione?
1728 1626 1833 1676 Ηο.
1867 1627 2101 1685 Quotiens
2132 1644 2234 1678 non
2268 1626 2401 1680 entia

185 1709 416 1767 dicimus,
439 1723 598 1757 nonne
635 1708 820 1758 numeri
854 1707 1209 1756 multitudinem
1246 1715 1481 1756 tentamus
1520 1708 1799 1773 apponere?
1864 1707 1996 1760 Tne.
2030 1707 2229 1773 Utique.
2294 1709 2401 1762 Ho-

190 1787 436 1849 Quotiena
456 1797 615 1837 autem
647 1805 744 1838 non
777 1804 1065 1847 etiamnum.
1132 1787 1267 1837 Tne.
1300 1788 1617 1837 Manifestum
1651 1789 1700 1836 id
1733 1789 1942 1853 quidem.
2007 1789 2111 1840 Ho-
2146 1788 2401 1842 Enimvero

188 1886 352 1935 neque
366 1868 551 1932 justum
573 1883 729 1934 neque
749 1877 928 1920 rectum
952 1884 1054 1918 ease
1093 1869 1313 1928 diximus,
1331 1877 1387 1917 ut
1423 1869 1533 1935 quis
1565 1885 1661 1918 non
1695 1870 1797 1919 enti
1818 1886 1903 1930 ens
1924 1869 2182 1935 adjungere
2204 1872 2401 1923 audeat.

187 1950 325 1999 Tan.
361 1948 487 1998 Vera
506 1947 726 2013 loqueris.
793 1948 896 1998 Ηο.
927 1947 1365 2013 ,animadvertisse
1387 1951 1518 2014 quod
1550 1965 1707 2014 neque
1743 1951 1935 2015 proferri
1972 1967 2128 2017 neque
2149 1960 2274 2001 recte
2295 1952 2399 2001 dici

189 2046 354 2095 neque
374 2029 569 2096 cogitari
588 2044 686 2078 non
708 2044 793 2078 ens
814 2030 1074 2079 secundum
1096 2031 1302 2095 seipsum
1335 2037 1510 2095 potest,
1535 2032 1618 2080 sed
1654 2032 1972 2097 incogitabile,
1990 2032 2327 2097 ineffabileque
2347 2040 2402 2081 et

189 2110 459 2160 irrationale
479 2110 672 2160 existit?
734 2109 866 2161 Tua.
900 2110 1117 2163 Penitus.
1180 2110 1283 2163 Ηο.
1317 2110 1550 2176 Nunquid
1588 2112 1732 2175 paulo
1764 2120 1875 2162 ante
1897 2114 2122 2162 mentitus
2142 2129 2263 2170 sum,
2284 2128 2397 2162 cum

190 2190 292 2239 dixi
313 2191 564 2239 maximam
597 2190 725 2240 circa
759 2190 878 2239 illud
910 2190 1254 2256 dubitationem
1297 2207 1375 2241 rne
1410 2191 1685 2240 illaturum?
1756 2191 1890 2242 Tne.
1921 2191 2080 2242 Aliam
2114 2193 2272 2244 adhuc
2305 2193 2399 2242 ista

193 2271 424 2336 majorem
454 2272 690 2320 adducere
725 2272 1008 2333 possumus?
1072 2271 1175 2320 Ηο.
1209 2272 1344 2330 Quid
1376 2288 1507 2330 vero,
1529 2287 1560 2320 o
1593 2271 1785 2320 mirifice
1820 2270 2116 2330 adolescens,
2134 2287 2199 2321 an
2220 2288 2318 2320 non
2337 2289 2397 2322 ex

190 2352 266 2402 h‘m
287 2366 402 2416 qno
423 2351 552 2399 dicta
573 2356 701 2408 sunt,
726 2350 878 2408 vides,
898 2350 1028 2414 qnod
1051 2365 1148 2398 non
1170 2365 1256 2399 ens
1278 2351 1422 2398 tantis
1454 2366 1586 2408 eum,
1606 2350 1691 2414 qui
1720 2351 1877 2413 ipsum
1908 2351 2167 2415 redarguit,
2187 2351 2399 2402 offundit

186 2430 419 2489 tenebris,
455 2436 511 2478 ut
539 2444 649 2477 cum
688 2428 890 2493 primum
927 2429 1305 2495 redargutionem
1336 2430 1622 2494 aggreditur,
1662 2429 1851 2478 sibimet
1880 2430 2114 2480 adversari
2162 2432 2396 2496 cogetur?

189 2513 331 2565 Τιιι.
364 2510 464 2559 Dic
484 2510 672 2560 clarius.
736 2508 837 2560 Ηο.
872 2509 1016 2558 Haud
1033 2516 1224 2574 oportet
1238 2509 1408 2558 clarius
1427 2508 1608 2573 aliquid
1630 2507 1679 2557 in
1695 2524 1771 2558 me
1785 2509 2101 2562 considerare.
2161 2511 2401 2577 Equidem

190 2609 303 2642 enm
329 2588 685 2655 supposuissent
705 2603 804 2637 non
826 2604 912 2637 ens
934 2604 1022 2639 nec
1044 2589 1180 2637 unius
1199 2605 1290 2639 nec
1312 2590 1565 2638 multorum
1587 2605 1689 2639 esse
1712 2591 1967 2656 particeps,
1990 2600 2145 2645 tamen
2167 2601 2218 2642 et
2249 2593 2397 2658 paulo

190 2680 306 2723 ante
329 2679 382 2721 et
408 2686 538 2721 nunc
571 2670 712 2719 etiam
748 2685 894 2718 unum
927 2669 1084 2735 ipsum
1117 2668 1309 2733 protuli,
1330 2671 1443 2719 dum
1478 2671 1570 2720 hoc
1603 2671 1758 2735 ipsum
1790 2687 1888 2720 non
1918 2688 2003 2721 ena
2025 2674 2396 2737 pronuntiatem.

192 2752 500 2820 percipisne?
565 2751 696 2800 Tua.
728 2750 970 2816 Percipio.
1035 2748 1140 2801 Ho.
1174 2749 1304 2808 Quin
1327 2749 1470 2799 etiam
1495 2751 1637 2815 paulo
1659 2767 1797 2815 supra
1818 2753 2150 2817 inexplicabile
2169 2755 2325 2820 ipsum
2347 2766 2402 2808 et

193 2834 442 2885 ineffabile
463 2842 514 2883 et
533 2832 800 2882 irrationale
817 2848 920 2881 esse
942 2831 1060 2880 dixi.
1093 2832 1263 2880 tenes?
1330 2832 1466 2881 Tru.
1501 2832 1668 2882 Plane.
1732 2833 1834 2883 110.
1866 2833 1947 2881 An
1967 2850 2083 2892 non,
2104 2837 2217 2885 dum
2238 2836 2397 2901 ipsum

196 2932 299 2966 ease
329 2913 580 2979 praedicare
618 2914 682 2961 de
711 2913 795 2962 illo
828 2927 1039 2975 conarer,
1075 2908 1224 2976 [239]
1259 2912 1492 2961 contraria
1523 2913 1838 2977 superioribus
1876 2915 2199 2977 proferebam?
2264 2917 2401 2969 Tua.

196 2996 405 3056 Videris·
469 2996 576 3044 Ho.
609 2993 788 3043 Nonne
823 3009 932 3042 eum
970 2994 1064 3041 hoc
1098 2991 1166 3039 illi
1204 2990 1416 3048 attribui,
1437 2993 1574 3055 quasi
1615 2995 1678 3041 de
1713 3009 1809 3041 uno
1846 2993 2032 3042 locutus
2053 2996 2198 3043 sum?
2260 2995 2398 3051 Tur..

198 3077 406 3141 Absque
424 3076 594 3125 dubio.
657 3074 760 3125 Ho.
793 3074 947 3122 Immo
971 3081 1022 3121 et
1035 3071 1307 3121 irrationale
1329 3071 1445 3119 dum
1465 3071 1690 3129 dicerem,
1711 3072 2134 3136 inexplicabileque
2155 3081 2206 3121 et
2227 3074 2397 3124 ineffa-

194 3158 290 3207 bile
316 3156 614 3221 singulariter
632 3155 1005 3219 pronuntiarem,
1027 3151 1234 3217 perinde
1261 3166 1318 3199 ac
1350 3151 1390 3198 si
1425 3166 1571 3199 unum
1604 3159 1744 3207 esset,
1766 3153 1908 3200 verba
1938 3152 2001 3201 de
2032 3154 2125 3202 hoe
2145 3153 2399 3207 faciebam.

197 3237 334 3289 Tun.
369 3235 587 3295 Quidni?
655 3235 757 3283 Ho.
788 3233 1011 3283 Diximus
1044 3248 1175 3291 sane,
1198 3232 1237 3280 si
1272 3232 1413 3280 modo
1446 3231 1554 3295 quis
1589 3238 1714 3287 recte
1752 3232 1881 3296 loqui
1904 3232 2120 3291 voluerit,
2152 3250 2310 3301 neque
2343 3242 2404 3284 nt

198 3334 348 3370 unum
370 3333 526 3381 neque
547 3324 600 3364 ut
618 3317 767 3363 multa
788 3314 1096 3363 determinare
1116 3314 1272 3378 ipsum
1295 3313 1486 3371 debere,
1507 3327 1664 3377 neque
1685 3313 1877 3361 omnino
1898 3312 2051 3377 ipsum
2072 3329 2259 3366 vocare.
2288 3331 2399 3366 nam

198 3396 254 3447 in
286 3412 383 3445 una
422 3397 628 3460 quadam
666 3394 826 3459 specie
863 3394 1186 3460 appellatione
1211 3393 1485 3458 hujusmodi
1524 3400 1792 3457 poneretur.
1857 3394 1990 3444 Tar-z.
2021 3395 2233 3446 Prorsus.
2295 3395 2398 3450 Ho.

199 3476 282 3526 De
303 3493 380 3525 me
399 3477 544 3541 igitur
565 3476 671 3540 quis
693 3477 890 3525 ulterius
911 3475 1120 3525 dixerit?
1154 3475 1330 3525 etenim
1362 3483 1414 3523 et
1444 3490 1585 3539 supra
1606 3482 1658 3523 et
1690 3489 1819 3523 nunc
1851 3477 1997 3525 mein
2019 3478 2109 3527 hac
2130 3493 2292 3543 pugna
2311 3480 2400 3529 ad.

196 3573 360 3607 versus
393 3573 490 3605 non
523 3572 607 3605 ens
638 3558 941 3607 succubuisse
972 3557 1249 3622 comperiet.
1282 3556 1415 3622 apud
1451 3571 1592 3619 quem
1634 3556 1695 3605 de
1722 3571 1820 3605 non
1843 3564 1953 3605 ente
1973 3557 2244 3622 loquentem
2268 3558 2401 3609 nulla

198 3645 333 3693 reeta
356 3637 535 3685 locutio
556 3638 801 3701 reperitur.
833 3638 917 3686 sed
952 3638 1012 3686 de
1047 3646 1096 3687 te
1121 3637 1243 3701 jam,
1266 3638 1308 3687 si
1341 3636 1518 3701 placet,
1541 3637 1907 3687 consideremus.
1971 3638 2106 3691 Tan.
2140 3639 2401 3698 Quietis?

202 3717 310 3766 Ho.
346 3715 549 3772 Conare,
571 3732 678 3778 age,
697 3718 820 3766 bene
856 3726 907 3766 et
938 3733 1179 3781 generose,
1214 3718 1292 3783 (es
1326 3718 1452 3766 enim
1470 3717 1707 3781 juvenis,)
1722 3726 1773 3768 et
1792 3719 1924 3767 omni
1943 3719 2116 3769 mentis
2136 3719 2403 3771 attentione

196 3804 382 3848 rectum
404 3810 666 3843 sermonem
687 3796 749 3843 de
770 3810 868 3844 non
889 3806 999 3844 ente
1022 3797 1246 3860 proferre,
1267 3797 1342 3846 illi
1363 3813 1454 3847 nec
1477 3798 1729 3847 essentiam
1749 3814 1840 3848 nec
1861 3815 2007 3848 unum
2040 3815 2196 3864 neque
2220 3800 2403 3853 numeri

198 3876 556 3929 multitudinem
579 3874 824 3924 adhibens.
888 3875 1020 3922 Tne.
1054 3876 1209 3933 Quam
1233 3878 1509 3926 temerarius
1539 3894 1708 3935 essem,
1729 3878 1771 3928 si
1802 3881 2025 3937 eandem,
2044 3895 2139 3945 qua
2157 3888 2209 3930 tn
2229 3896 2402 3933 succu-

197 3958 360 4021 buisti,
383 3972 590 4022 pugnam
614 3957 909 4019 aggrederer.
977 3956 1081 4006 Ηο.
1113 3956 1239 4020 Ergo
1260 3957 1302 4005 si
1324 3957 1413 4016 vis,
1437 3966 1487 4007 te
1518 3972 1577 4007 ae
1609 3973 1683 4007 me
1716 3959 2140 4025 praetermittamus,
2161 3969 2212 4011 et
2244 3964 2403 4015 donec

198 4039 402 4103 aliquem
443 4038 562 4087 recti
594 4037 819 4086 sermonis
851 4044 1121 4101 compotem
1157 4037 1502 4095 nanciscamur,
1538 4038 1752 4088 dicamus
1782 4040 1990 4105 interim,
2010 4044 2269 4107 sophistam
2300 4058 2400 4108 pra

201 4119 369 4170 ceteris
387 4125 574 4168 versute
611 4119 868 4168 admodum
900 4119 1111 4168 obscuris
1143 4134 1247 4169 sese
1279 4118 1338 4167 in
1368 4117 1560 4168 latebris
1587 4119 1869 4172 occuluisse.
1932 4122 2068 4172 Tua.
2100 4122 2165 4171 Et
2200 4123 2403 4173 maxime

202 4200 412 4263 quidem.
479 4198 580 4250 Ho.
615 4200 953 4249 Verumtamen
976 4200 1336 4265 sipbantastica
1354 4201 1561 4265 quadam
1584 4208 1683 4250 arte
1706 4200 1885 4266 pollere
1907 4203 2167 4267 sophistam
2189 4217 2403 4253 asserue-

201 4280 361 4340 rimus,
393 4279 535 4329 facile
554 4295 614 4327 ex
634 4282 726 4329 hoc
752 4297 837 4329 usu
861 4282 1086 4345 loquendi
1109 4283 1332 4331 adversus
1370 4298 1456 4329 nos
1496 4283 1789 4332 occasionem
1812 4290 1998 4343 nactus,
2031 4281 2085 4329 in
2114 4279 2400 4330 contrarium

199 4374 438 4410 semones
456 4366 621 4409 vertet·
653 4375 760 4408 nam
783 4361 897 4409 dum
919 4361 1073 4426 ipsum
1096 4362 1449 4411 simulacrorum
1482 4371 1719 4412 auctorem
1744 4362 2032 4423 vocabimus,
2052 4358 2166 4422 quid
2201 4359 2403 4409 maxime

199 4438 501 4495 simulacrum
522 4440 753 4502 dicamus,
773 4441 1096 4506 interrogabit.
1164 4442 1489 4507 Cogitandum
1525 4443 1754 4508 protinus,
1775 4441 2034 4496 Theaeteto,
2057 4435 2171 4501 quid
2206 4437 2272 4485 ita
2293 4454 2403 4502 per·
