2917 4975
517 458 597 532 {a
1385 448 1786 517 PLA‘roms
2572 448 2720 528 [193

516 610 768 668 flectatur?
813 607 962 674 [198]
1013 606 1108 655 Ls.
1139 603 1313 670 Neque
1325 604 1645 675 ‘tolerantiam
1678 604 1803 651 hanc
1833 596 2159 653 fortitudinem
2198 598 2469 666 appellabo.
2534 597 2619 650 80.
2650 599 2724 649 At

514 706 630 741 ,vero
671 690 722 737 in
764 688 890 737 bello
925 687 1201 736 tolerantem
1224 686 1370 735 virum
1403 692 1736 750 promtumque
1759 684 1819 732 ad
1859 697 2085 748 pugnam,
2117 682 2202 748 qui
2236 682 2493 746 prudenter
2524 681 2722 746 singulis

518 768 873 833 circumspectis
893 767 1168 832 praevideat,
1203 766 1398 815 aliorum
1419 765 1511 814 sibi
1532 765 1631 814 fore
1655 763 1947 828 praesidium,
1983 772 2035 812 et
2066 763 2289 812 adversus
2311 761 2559 826 pauciores
2582 761 2718 810 debi-

517 849 753 915 lioresque
774 849 870 897 suis
890 847 1219 913 pugnandum.
1254 846 1359 897 loca
1390 847 1507 911 quin
1535 845 1677 894 etiam
1710 851 1761 894 et
1796 844 2015 908 presidia
2054 844 2228 893 habeat
2257 843 2611 893 commodiora:
2647 843 2719 892 vi·

511 945 703 995 rumne,
723 929 1168 994 inquam‚1talicum
1189 928 1490 994 providentia
1525 935 1576 977 et
1607 932 1836 992 apparatu
1869 924 2168 988 tolerantem,
2199 923 2441 973 fortiorem
2478 925 2611 975 dices
2640 940 2721 984 eo,

517 1011 603 1075 qui
623 1011 673 1059 in
689 1009 923 1059 contrario
941 1010 1148 1075 quodam
1165 1010 1369 1059 exercitu
1394 1015 1582 1058 constat
1602 1022 1659 1055 ac
1681 1006 1883 1055 tolerat?
1948 1005 2045 1056 Ls.
2077 1005 2233 1055 Immo
2252 1020 2362 1054 vero
2401 1006 2528 1054 hunc
2561 1005 2718 1072 quiin

510 1091 771 1154 contrario,
789 1090 1023 1140 Socrates.
1084 1088 1167 1139 80.
1199 1088 1555 1152 Imprudentior
1576 1095 1732 1136 tamen
1748 1094 1822 1136 est
1840 1085 2002 1151 hujus,
2023 1101 2165 1151 quam
2188 1085 2317 1135 illius
2356 1086 2565 1144 alterius,
2598 1086 2719 1136 tole-

515 1170 688 1221 rantia.
753 1170 850 1221 Ls.
883 1170 1013 1220 Vera
1027 1169 1249 1234 loqueris.
1313 1168 1395 1217 8ο.
1427 1168 1557 1233 Ergo
1588 1175 1637 1216 et
1654 1166 1893 1216 hominem
1926 1165 2133 1231 equestri
2149 1167 2350 1216 scientia
2366 1167 2640 1231 praeditum,
2668 1176 2721 1217 et

516 1251 568 1300 in
593 1252 796 1315 equestri
815 1250 1072 1301 certamine
1092 1250 1388 1308 tolerantem,
1417 1250 1574 1298 minus
1594 1249 1762 1297 fortem
1778 1247 1911 1298 dices
1931 1263 2011 1311 eo,
2041 1248 2125 1313 qui
2147 1263 2312 1313 expers
2342 1246 2486 1312 hujus
2504 1248 2718 1297 scientio

519 1331 719 1393 tolerat?
787 1330 882 1379 Ls.
915 1330 1041 1378 Mihi
1062 1331 1255 1395 quidem
1289 1330 1357 1377 ita
1386 1329 1589 1379 videtur.
1654 1328 1741 1377 So.
1773 1327 1927 1394 Atqui
1949 1338 1998 1377 et
2015 1328 2149 1379 illum
2171 1336 2413 1394 praterea,
2442 1327 2529 1393 qui
2562 1329 2718 1378 sciens

519 1412 669 1475 sunda
690 1411 872 1477 jacere,
907 1427 1159 1476 arcumque
1182 1411 1444 1468 intendere,
1478 1410 1551 1459 vel
1574 1409 1702 1459 aliud
1725 1409 1946 1473 quodvis,
1968 1409 2154 1469 toleret,
2175 1408 2330 1458 minus
2345 1409 2511 1469 fortem
2532 1409 2550 1457 3
2617 1408 2716 1459 La·

520 1491 749 1542 Omnino.
811 1492 897 1541 So.
931 1491 1053 1541 Item
1075 1492 1349 1557 quicunque
1370 1492 1473 1541 sine
1494 1499 1593 1540 arte
1625 1491 1821 1539 natandi
1856 1491 1908 1541 in
1946 1498 2143 1556 puteum
2174 1491 2534 1547 descendentes,
2569 1506 2631 1541 eo
2667 1491 2715 1539 iu

517 1589 664 1639 opere
685 1573 881 1622 tolerare
902 1588 959 1622 ac
976 1574 1219 1638 persistere
1239 1573 1436 1636 audent,
1451 1573 1526 1622 vel
1542 1573 1590 1622 in
1613 1572 1707 1621 alio
1728 1569 1898 1637 quovis
1918 1587 2062 1636 opere
2077 1573 2180 1622 sine
2198 1580 2315 1629 arte,
2331 1587 2414 1621 eos
2429 1579 2480 1619 tu
2503 1571 2718 1621 fortiores

519 1654 651 1703 dices
671 1655 746 1702 his
765 1653 849 1718 qui
871 1653 1051 1701 suntin
1072 1653 1141 1702 eis
1162 1654 1336 1702 artibus
1373 1653 1579 1703 eruditi?
1646 1653 1743 1703 La.
1777 1652 1907 1711 Quid
1946 1652 2078 1702 aliud
2114 1651 2221 1717 quis
2247 1651 2434 1714 dixerit,
2465 1651 2718 1709 Socrates?

519 1735 609 1784 80.
641 1732 796 1797 Nihil,
830 1733 868 1780 si
900 1734 1042 1781 modo
1075 1734 1144 1780 ita
1179 1734 1286 1797 quis
1322 1742 1476 1797 putet.
1539 1734 1634 1783 La.
1689 1733 1816 1782 Puto
1847 1733 2088 1797 equidem.
2153 1733 2241 1782 8ο.
2275 1731 2502 1780 Attamen
2538 1732 2718 1797 impru-

517 1814 710 1879 dentius
745 1814 799 1862 hi
833 1812 1040 1876 pericula
1076 1813 1298 1869 subeunt,
1331 1812 1646 1877 tolerantque,
1685 1826 1828 1875 quam
1860 1811 1928 1859 illi
1966 1812 2051 1875 qui
2088 1819 2187 1861 arte
2220 1813 2325 1862 hec
2360 1813 2718 1877 aggrediuntur.

518 1895 615 1946 La·
645 1894 903 1944 Videntur.
968 1894 1055 1943 So.
1087 1891 1266 1942 Nonne
1296 1905 1439 1956 supra
1470 1893 1622 1957 turpis
1648 1907 1706 1942 ac
1736 1891 1877 1940 noxia
1907 1892 2044 1941 nobis
2078 1893 2277 1942 andacia
2297 1893 2605 1960 toleratioque
2625 1894 2718 1943 irn-

519 1976 732 2042 prudens
768 1974 1021 2038 apparuit?
1088 1971 1179 2021 La.
1211 1972 1440 2022 Maxime.
1507 1974 1589 2023 80.
1640 1972 1869 2024 Constitit
1900 1980 2059 2023 autem
2100 1972 2425 2025 fortitudinem
2468 1976 2714 2039 pulchrum

419 2104 451 2123 ·‚
520 2056 703 2121 aliquid
734 2061 854 2112 esse·-
919 2054 1014 2105 Li.
1048 2053 1277 2105 Constitit
1309 2054 1470 2118 plane.
1535 2054 1623 2104 80.
1656 2054 1802 2104 Nunc
1835 2070 1990 2104 rursus
2019 2055 2335 2105 concessimus
2369 2065 2552 2121 turpem
2588 2058 2718 2106 illam

521 2136 964 2200 imprudentemque
996 2134 1288 2184 tolerantiam
1320 2134 1646 2185 fortitudinem
1668 2150 1786 2184 esse.
1851 2134 1948 2186 Ls.
1980 2135 2059 2185 Sic
2079 2136 2318 2201 apparuit.
2381 2137 2468 2186 80.
2500 2136 2720 2189 Rectene

519 2216 654 2289 ¹⁰qu
677 2216 760 2265 tibi
783 2215 1027 2265 videmur?
1092 2214 1189 2264 Ls.
1221 2215 1335 2279 Non
1356 2214 1474 2264 mihi
1491 2231 1575 2279 per
1593 2216 1784 2274 Jovem,
1806 2232 1837 2265 0
1861 2215 2096 2266 Socrates.
2160 2216 2248 2267 80.
2282 2215 2397 2265 Non
2416 2233 2530 2282 ergo
2550 2234 2719 2268 secun-

520 2297 636 2346 dum
673 2296 897 2347 Doricam
929 2296 1237 2356 harmoniam,
1274 2304 1328 2345 ut
1346 2297 1498 2346 verbis
1519 2297 1614 2346 tuis
1635 2306 1755 2356 utar,
1786 2311 1877 2362 ego
1910 2313 1968 2347 ac
2000 2305 2053 2346 tu
2085 2300 2226 2348 modo
2259 2300 2571 2352 concinimus.
2605 2317 2717 2351 nam

520 2394 666 2444 opera
693 2380 831 2429 nobis
850 2378 1005 2430 verbis
1037 2394 1135 2428 non
1156 2387 1437 2430 consonant.
1469 2395 1520 2429 re
1557 2380 1750 2444 quidem
1780 2378 1883 2443 ipsa
1916 2378 2097 2429 diceret
2133 2380 2305 2445 aliquis
2325 2381 2613 2430 fortitudinis
2633 2398 2722 2433 nus

519 2476 623 2511 esse
658 2460 932 2527 participes,
961 2461 1115 2511 verbis
1147 2468 1307 2511 autem
1336 2461 1549 2521 minime,
1585 2470 1643 2510 ut
1676 2461 1889 2518 arbitror.
1926 2461 1969 2511 si
1998 2476 2086 2511 nos
2122 2460 2172 2510 iu
2205 2461 2455 2526 presentia
2490 2463 2737 2515 audiverit

518 2541 835 2604 disputantes.
901 2539 997 2588 Li.
1027 2540 1282 2589 verissima
1319 2556 1493 2590 narras.
1555 2541 1641 2589 80.
1678 2541 1941 2590 videturne
1979 2542 2067 2590 tibi
2107 2542 2353 2605 pulchrum
2390 2559 2512 2609 esse,
2555 2555 2612 2595 ut
2651 2547 2724 2597 sic

519 2620 680 2688 affecti
701 2619 878 2670 simus?
944 2619 1041 2668 LA.
1072 2619 1406 2685 Nequaquam
1473 2621 1557 2669 So.
1595 2620 1747 2670 Visne
1783 2622 1989 2669 sennoni
2020 2637 2161 2686 quem
2199 2623 2485 2683 induximus,
2515 2626 2608 2675 boc
2630 2627 2725 2676 sal·

514 2710 620 2758 -tem
638 2702 902 2762 credamus,
943 2700 1318 2764 pas-eamusque?
1384 2699 1479 2747 La.
1514 2700 1777 2760 Quidnam,
1815 2691 1964 2749 et‘cui
1988 2702 2317 2764 potissimum?
2383 2706 2470 2759 80.
2506 2707 2725 2756 Sermoni

517 2783 732 2847 inquam,
765 2779 961 2828 tolerare
986 2778 1195 2843 jubenti.
1245 2778 1393 2844 [19⁴]
1441 2779 1493 2827 Si
1525 2794 1638 2843 ergo
1660 2779 1746 2827 tibi
1766 2780 1942 2843 placet,
1964 2788 2016 2829 et
2036 2796 2122 2831 nos
2146 2781 2195 2831 in
2216 2784 2307 2832 bac
2327 2784 2433 2847 ipsa
2453 2785 2722 2850 quastione

517 2869 790 2914 constemus
812 2859 1177 2924 toleremusque,
1206 2874 1269 2908 ne
1304 2860 1412 2923 ipsa
1432 2874 1521 2907 nos
1543 2857 1768 2907 fortitudo
1788 2859 2020 2922 derideat,
2041 2861 2171 2924 quod
2192 2862 2345 2911 minus
2361 2863 2545 2914 fortiter
2564 2866 2721 2931 ipsam

520 2937 874 3007 investigemus,
894 2940 935 2990 si
954 2955 1275 3005 sapenumero
1304 2939 1554 2989 tolerantia
1580 2939 1686 3005 ipsa
1704 2940 2064 3006 constantiaque
2084 2941 2312 2991 fortitudo
2332 2950 2421 2993 est.
2484 2943 2582 2994 1...
2613 2948 2723 3013 Ego

521 3023 735 3088 quidem,
757 3039 789 3072 o
809 3022 1042 3080 Socrates,
1076 3037 1179 3071 sum
1201 3022 1262 3070 ad
1286 3022 1678 3086 perseverandnm
1699 3030 1908 3085 par-atus,
1929 3023 2144 3087 quamvis
2173 3024 2351 3080 insueti
2387 3023 2505 3076 mibi
2537 3026 2587 3074 bi
2622 3044 2721 3079 ιω.

521 3120 688 3154 mones
706 3142 722 3160 ,
740 3104 853 3154 sint.
941 3103 1038 3154 Sed
1082 3103 1274 3168 quidam
1312 3118 1390 3152 me
1426 3103 1650 3153 adversus
1684 3103 1925 3168 superiora
1959 3104 2280 3155 contendendi
2314 3105 2510 3171 instigat
2547 3110 2719 3159 ardor=

522 3202 581 3236 ac
619 3185 819 3235 nimium
845 3171 988 3249 ἐει-ο
1028 3185 1148 3243 fero,
1178 3185 1252 3235 sic
1292 3201 1442 3250 usque
1487 3185 1610 3234 adeo
1653 3185 1844 3251 ineptus
1891 3201 1993 3234 snm
2043 3187 2105 3235 ad
2138 3202 2196 3236 ea
2226 3201 2336 3251 qum
2362 3188 2517 3238 natio
2560 3192 2719 3254 prufe—

521 3266 685 3315 rentla.
723 3265 942 3328 .Nempe
981 3265 1096 3313 mihi
1133 3264 1294 3314 videor
1326 3266 1445 3330 quid
1483 3266 1711 3317 fortitudo
1748 3267 1827 3325 sit,
1857 3266 2145 3331 intelligere.
2193 3268 2355 3318 nescio
2396 3276 2575 3336 tamen,
2619 3287 2717 3336 quo

520 3351 664 3409 pacto
686 3345 830 3407 paulo
863 3351 974 3393 ante
1006 3360 1079 3392 me
1101 3344 1447 3409 subterfugerit,
1480 3348 1670 3412 utquid
1706 3347 1813 3411 ipsa
1846 3348 1929 3411 sit,
1957 3349 2111 3398 verbis
2128 3350 2381 3415 complecti
2410 3353 2717 3416 nequiverim.

520 3427 607 3475 80.
640 3424 816 3474 Nonne
836 3425 1013 3476 bonum
1035 3432 1303 3474 venatorem
1325 3428 1484 3484 decet,
1502 3428 1674 3489 amice,
1689 3429 1982 3492 explorando
2002 3431 2275 3488 discurrere,
2310 3439 2361 3481 et
2391 3434 2623 3498 sagaciter
2640 3436 2717 3486 in-

520 3507 677 3571 sequi,
709 3520 867 3569 neque
902 3505 1073 3569 ignave
1111 3506 1370 3556 desistere?
1437 3506 1534 3558 L..
1583 3507 1745 3566 Decet,
1777 3509 2008 3573 profecto.
2072 3512 2155 3562 80.
2204 3512 2294 3562 Vis
2328 3514 2492 3577 itaque
2524 3513 2716 3566 Niciam

518 3587 660 3637 istum
701 3588 763 3636 ad
793 3586 1090 3636 venationem
1128 3587 1251 3637 hanc
1286 3587 1559 3652 invitemus,
1595 3589 1637 3638 si
1673 3606 1771 3655 quo
1804 3599 1948 3656 pacto
1978 3601 2113 3662 ⁴esset
2138 3594 2275 3644 nobis
2308 3595 2555 3661 sagacior?
2620 3596 2718 3647 Ls.

521 3667 707 3727 Quidni
729 3667 904 3717 velim?
967 3668 1050 3717 80.
1083 3667 1209 3734 Age,
1246 3668 1406 3729 Nicia,
1438 3671 1603 3720 amicis
1640 3672 1734 3720 tuis
1754 3688 2017 3723 sermonum
2038 3675 2186 3726 finem
2206 3676 2482 3728 nutantibus
2502 3678 2719 3743 subveni,

520 3749 961 3813 yacillantibusqne,
983 3750 1023 3799 si
1044 3766 1184 3814 quam
1205 3750 1300 3799 vim
1321 3752 1486 3814 babes,
1518 3768 1724 3803 accurre.
1755 3755 1928 3814 cernis,
1959 3764 2188 3820 quantum
2208 3765 2366 3807 nostra
2385 3758 2718 3820 deliciant,.ac

521 3828 667 3879 dubia
688 3830 801 3882 sint.
864 3831 938 3880 Tu
960 3847 1072 3896 ergo
1092 3832 1356 3896 explicans,
1374 3834 1493 3898 quid
1514 3850 1617 3884 esse
1637 3835 1963 3886 fortitudinem
1985 3847 2142 3902 putes,
2172 3839 2527 3903 ambiguitatem
2564 3841 2717 3902 solve,

521 3918 745 3984 ‚tuamque
775 3912 1056 3962 sententiam
1092 3913 1274 3964 natione
1311 3916 1554 3967 confirma.
1621 3915 1711 3965 Νι.
1747 3916 2011 3977 videmini,
2046 3935 2079 3969 o
2115 3919 2349 3979 Socrates,
2387 3922 2504 3970 mibi
2524 3921 2717 3987 jamdiu

517 4007 617 4040 non
637 3999 765 4041 recte
785 3992 1109 4048 fortitudinem
1130 3994 1369 4045 delinisse.
1433 3996 1556 4061 Ejus
1578 4012 1715 4063 porro
1752 4000 2020 4058 sententia,
2055 4015 2196 4064 quam
2218 4010 2346 4052 recte
2366 4003 2451 4052 abs
2470 4010 2521 4053 te
2541 4004 2716 4055 induc·

517 4081 615 4123 tam
656 4074 944 4139 quandoque
978 4075 1157 4133 audivi,
1192 4076 1374 4126 nullam
1426 4077 1583 4128 facitis
1624 4080 1928 4130 mentionem.
2010 4080 2096 4131 So.
2147 4081 2408 4147 Cujusnam
2444 4088 2731 4145 sententio,

515 4154 694 4205 Nicia?
760 4154 852 4205 N1.
885 4157 1219 4220 sepenumero
1240 4174 1296 4207 ex
1321 4166 1367 4207 te
1387 4160 1568 4223 audivi,
1587 4161 1848 4224 quemlibet
1867 4164 1929 4212 ad
1947 4178 2007 4211 ea
2022 4163 2197 4212 bouum
2220 4179 2340 4222 esse,
2374 4165 2425 4215 in
2444 4166 2718 4231 quibusest

514 4236 736 4301 sapiens:
771 4236 834 4284 ad
854 4251 912 4284 ea
932 4237 1123 4294 malum,
1162 4239 1210 4287 in
1231 4240 1402 4304 quibus
1430 4241 1646 4290 inscitus.
1714 4242 1800 4292 80.
1836 4242 1962 4292 Vera
1998 4259 2083 4308 per
2099 4244 2270 4294 Jovem
2301 4246 2461 4304 resera,
2496 4262 2528 4295 o
2549 4247 2715 4299 Nicia.

514 4316 606 4365 Nx.
637 4315 818 4364 Nonne
853 4316 995 4379 igitur
1029 4317 1071 4365 si
1108 4317 1240 4366 fortis
1277 4320 1346 4368 vir
1386 4321 1538 4370 bonus
1572 4329 1664 4387 est,
1694 4331 1768 4372 est
1800 4331 1852 4371 et
1886 4325 2109 4387 sapiens?
2173 4326 2259 4376 So.
2294 4327 2469 4385 Audis,
2493 4327 2713 4379 hebes?

515 4395 611 4444 La.
643 4396 808 4445 Audio
825 4396 1047 4462 equidem
1069 4416 1081 4446 ε
1115 4400 1198 4448 sed
1220 4401 1334 4464 quid
1359 4401 1507 4460 dicat,
1523 4418 1621 4450 non
1643 4404 1755 4452 satis
1775 4405 2008 4469 intelligo.
2032 4453 2037 4458 ,
2073 4406 2161 4456 80.
2195 4407 2265 4455 At
2286 4423 2377 4472 ego
2397 4407 2516 4457 mibi
2538 4409 2717 4459 intelli-

520 4490 629 4537 gere
664 4477 842 4530 videor.
872 4477 1044 4543 opinor
1077 4480 1202 4528 enim
1244 4483 1373 4534 hunc
1407 4483 1689 4547 sapientiam
1722 4486 1980 4549 quandam,
2017 4487 2340 4538 fortitudinem
2376 4489 2554 4540 dicere.
2619 4492 2715 4541 Li.

521 4553 677 4608 Quam
702 4558 997 4622 sapientiam,
1023 4560 1273 4611 Socrates?
1341 4564 1424 4612 So.
1459 4564 1636 4615 Nonne
1659 4567 1718 4615 ab
1737 4568 1826 4617 hoc
1849 4567 1971 4616 istud
1995 4568 2200 4634 queris?
2268 4569 2363 4620 LA.
2398 4568 2557 4622 Certe.
2626 4573 2713 4622 80.
