2917 4975
1310 765 1887 903 LAans

510 1117 964 1184 LYSIMACHUS,
998 1113 1348 1174 MELESIAS,
1379 1112 1632 1173 NICIAS,
1669 1111 1948 1177 LAcHES,
1979 1110 2141 1161 mut
2175 1110 2554 1162 LYSIMACHI
2587 1111 2674 1162 m·

1219 1225 1558 1287 MELESIAE,
1590 1224 1956 1276 SOGRATES.

493 1553 684 1606 Vnum
718 1548 970 1618 spectastis
992 1546 1130 1597 armis
1151 1545 1474 1606 dimicantem,
1495 1563 1528 1597 ο
1556 1546 1704 1599 Nicia
1724 1552 1870 1610 atque
1889 1543 2091 1594 Laches.
2110 1560 2253 1610 qnam
2285 1562 2395 1596 vero
2415 1548 2479 1596 ob
2499 1561 2693 1600 causam

492 1641 708 1701 spectare
728 1633 855 1680 hunc
876 1629 1121 1678 nobiseum
1140 1643 1238 1677 uns
1257 1644 1347 1691 ego
1370 1636 1421 1678 et
1447 1628 1676 1679 Melesias
1708 1627 1787 1676 hic
1812 1642 1894 1675 vos
1922 1625 2168 1691 jussimus,
2201 1642 2339 1692 supra
2376 1628 2569 1678 minime
2606 1631 2694 1680 de·
2744 1694 2756 1710 ο

492 1713 789 1775 clar-avimus,
808 1726 937 1760 nunc
960 1715 1118 1757 autem
1140 1708 1422 1771 aperiemus.
1455 1725 1567 1758 unm
1588 1709 1735 1758 libere
1757 1707 2001 1756 vobiscum
2030 1706 2322 1771 loquendum
2353 1707 2694 1760 existimemus.

495 1795 619 1845 Sunt
638 1791 765 1841 enirn
785 1789 1023 1854 nonnulli,
1055 1787 1139 1853 qui
1160 1789 1263 1836 boc
1291 1787 1528 1854 derident,
1562 1805 1619 1838 nc
1647 1790 1687 1837 si
1718 1788 1826 1854 quis
1856 1803 1939 1836 eos
1971 1787 2207 1845 consulat,
2243 1788 2524 1838 sententiam
2558 1805 2693 1840 suam

493 1890 593 1925 non
613 1873 906 1937 exprimunt:
939 1870 1024 1918 sed
1044 1868 1164 1917 illud
1185 1868 1249 1917 dc
1269 1884 1366 1933 quo
1386 1869 1698 1935 consultatur,
1732 1876 1783 1918 et
1802 1867 2114 1919 consultantis
2133 1874 2340 1924 mentem
2360 1867 2695 1932 conjicientes,

494 1955 592 2005 ulia
612 1962 778 2020 preter
796 1943 855 2002 en
874 1966 983 2015 qum
1017 1946 1246 2007 sentiunt,
1280 1948 1539 2013 proferunt.
1607 1949 1731 2000 Cum
1763 1957 1922 1999 autem
1943 1964 2029 1997 vos
2060 1949 2333 1997 arbitremur
2353 1957 2403 1998 et
2422 1949 2487 1999 ad
2509 1950 2692 1999 intelli-

495 2035 704 2101 gendum
732 2032 963 2090 sufficere,
996 2037 1047 2081 et
1066 2045 1175 2096 qum
1193 2030 1482 2095 cognoscitis
1513 2029 1790 2096 simpliciter
1807 2029 2061 2095 explicere,
2097 2029 2254 2079 socios
2284 2030 2345 2078 cd
2368 2046 2547 2090 eorum,
2579 2045 2691 2096 qno

494 2116 764 2171 referemus,
784 2111 1170 2163 deliberationem
1190 2110 1459 2161 ascivimus.
1524 2110 1612 2159 Est
1631 2120 1811 2176 autem,
1832 2111 1896 2159 de
1914 2123 2011 2176 quo
2033 2108 2173 2160 altius
2194 2126 2297 2159 sum
2318 2126 2528 2169 exorsus,
2561 2111 2694 2176 ejus·

494 2196 646 2246 modi.
677 2194 825 2261 [179]
858 2192 927 2241 Hi
943 2191 1083 2241 nobis
1104 2191 1337 2255 filiisunt,
1359 2192 1438 2241 hic
1457 2191 1651 2256 quidem
1666 2180 1810 2257 hujus
1829 2190 1976 2248 filius,
2008 2191 2135 2239 avito
2165 2191 2358 2241 nomine
2378 2191 2693 2258 Thucydides

492 2281 797 2341 nuncupatus
818 2290 833 2324 ε
869 2289 1001 2323 meus
1020 2274 1134 2322 item
1150 2271 1286 2332 niter,
1306 2271 1384 2320 avi
1403 2271 1615 2322 similiter
1635 2288 1808 2321 nomen
1827 2287 2037 2338 ¹servans.
2067 2287 2180 2321 nam
2198 2270 2456 2321 Asistidem
2473 2273 2695 2322 nornine·

493 2374 616 2407 mus.
682 2353 977 2421 videturque
998 2352 1135 2403 nobis
1153 2369 1296 2419 qnam
1318 2351 1674 2419 diligentissima
1695 2355 1860 2402 horum
1880 2368 1995 2403 curn
2014 2352 2335 2417 suscipienda,
2368 2368 2524 2418 neque
2545 2369 2693 2418 ngen-

492 2440 608 2488 dum
645 2442 883 2504 putamus,
914 2435 1045 2501 quod
1084 2434 1222 2483 multi
1257 2435 1431 2501 solent,
1466 2435 1551 2501 qui
1586 2434 1712 2483 filios
1744 2450 1876 2496 suos,
1909 2449 2019 2484 curn
2053 2433 2255 2500 primum
2289 2432 2596 2498 adoleverint,
2628 2434 2694 2483 ad

492 2520 732 2585 propriam
764 2518 929 2565 sinunt
964 2515 1207 2564 libidinem
1229 2515 1416 2565 vivere:
1452 2516 1596 2564 immo
1621 2532 1728 2566 vero
1761 2523 1877 2565 tunc
1909 2516 2119 2564 studium
2154 2515 2433 2580 diligentius
2461 2515 2693 2565 adhiben-

493 2600 628 2648 dum.
695 2597 818 2646 Cum
838 2596 1000 2660 itaque
1021 2594 1186 2643 adesse
1208 2595 1345 2643 nobis
1371 2595 1495 2643 filios
1517 2596 1779 2654 videamus,
1794 2595 2132 2661 judicavimus,
2148 2612 2233 2645 vos
2254 2612 2352 2660 prm
2371 2596 2540 2647 ceteris
2559 2596 2692 2661 cogi-

496 2684 638 2734 mse,
670 2692 767 2740 qun
785 2675 967 2723 ratione
988 2674 1226 2723 educandi
1247 2674 1362 2732 sint,
1393 2680 1449 2723 ut
1469 2675 1639 2738 optimi
1674 2675 1809 2723 fiant.
1841 2675 1970 2739 quod
2001 2675 2040 2722 si
2060 2690 2158 2724 non
2179 2676 2379 2724 multum
2399 2677 2694 2726 animadver-

495 2758 638 2822 tistis,
668 2748 719 2805 in
740 2755 991 2820 praesentis
1020 2754 1344 2813 ndmonemus,
1369 2770 1453 2802 vos
1488 2755 1539 2803 id
1562 2755 1799 2819 negligere
1832 2770 1930 2803 non
1967 2754 2162 2818 debere,
2197 2756 2605 2823 exhortemurque,
2640 2766 2700 2806 ut

495 2854 595 2886 nnn
613 2836 858 2886 nobiscum
881 2836 943 2885 de
963 2834 1168 2883 filiorum
1187 2834 1471 2885 educatione
1492 2835 1779 2885 deliberetis.
1811 2850 1953 2900 quam
1975 2851 2085 2884 vero
2108 2835 2171 2883 ob
2191 2850 2381 2884 causam
2414 2836 2552 2885 nobis
2588 2840 2696 2888 hoc

495 2917 763 2981 videantur,
785 2933 816 2965 o
838 2913 987 2966 Nicia.
1005 2923 1151 2980 atque
1170 2915 1368 2974 Laches,
1392 2916 1556 2966 audire
1576 2916 1735 2975 decet,
1756 2916 1971 2982 quumvis
1992 2915 2136 2980 paulo
2158 2914 2407 2981 prolixiora
2429 2915 2544 2974 sint,
2581 2934 2696 2983 qum

495 3007 772 3064 sequuntur.
806 2997 1129 3048 discubuimus
1147 2996 1199 3045 in
1222 2996 1442 3046 convivio
1465 2996 1604 3046 simul
1626 3013 1716 3061 ego
1737 3004 1788 3046 et
1807 2996 2037 3045 Melesias
2066 2996 2162 3054 hic,
2197 3005 2341 3061 utque
2371 2996 2421 3044 hi
2443 2997 2697 3049 nobiscum

494 3078 852 3130 adolescentuli.
918 3078 990 3129 Ut
1009 3078 1150 3143 igitur
1169 3078 1221 3127 in
1244 3077 1479 3143 principio
1500 3078 1727 3127 sermonis
1761 3076 2041 3142 significavi,
2075 3076 2218 3126 libere
2240 3078 2482 3127 vobiscum
2516 3080 2695 3130 audac-

492 3168 658 3227 terque
678 3160 941 3225 loquemur‘.
973 3175 1087 3208 sane
1125 3167 1322 3225 uterque
1351 3167 1564 3209 nostrum
1589 3158 1737 3207 multa
1757 3166 1916 3223 potest
1937 3158 2084 3222 patris
2117 3158 2190 3207 sui
2222 3157 2445 3224 preclara
2480 3160 2694 3211 facinora

492 3248 594 3290 tum
615 3257 753 3306 pace,
776 3248 876 3288 tum
897 3239 1023 3287 bello
1044 3239 1155 3287 filiis
1181 3256 1412 3304 enarrare,
1433 3240 1677 3306 patrisque
1698 3247 1833 3304 gestu
1864 3255 1975 3303 erge
1994 3240 2331 3304 rempublicam
2354 3240 2598 3307 sociosque
2617 3242 2693 3290 in-

493 3322 646 3386 signia
664 3335 938 3369 recensere:
975 3335 1006 3367 n
1025 3319 1162 3366 nobis
1185 3334 1292 3367 vero
1313 3335 1387 3369 res
1420 3328 1577 3384 gestas
1610 3320 1781 3370 referre
1813 3320 1969 3368 nullas
2000 3336 2263 3384 possumus.
2330 3321 2490 3380 Quare
2521 3330 2573 3370 et
2603 3323 2692 3371 ho-

491 3417 594 3450 rum
616 3417 705 3450 nos
723 3399 877 3465 pudet
897 3414 1048 3462 eaque
1086 3399 1381 3457 damnamus,
1418 3407 1469 3448 et
1503 3408 1689 3466 patrum
1725 3401 2061 3466 negligentiam
2097 3417 2229 3466 sape
2260 3403 2526 3468 culpamus,
2558 3404 2688 3468 quod

491 3497 597 3540 nos,
616 3489 864 3546 postquam
883 3478 1198 3542 adolevimus,
1219 3479 1269 3527 in
1291 3479 1489 3530 mollitie
1501 3480 1716 3545 'quadem
1734 3490 1785 3532 et
1803 3482 1979 3530 delitiis
1999 3482 2154 3531 vivere
2175 3483 2502 3547 permiserunt,
2523 3498 2691 3549 resque

489 3563 684 3612 aliorum
707 3577 907 3627 gessere.
974 3559 1252 3626 Eademque
1272 3560 1651 3612 adolescentibus
1671 3564 1747 3612 his
1768 3563 2093 3627 ostendentes,
2112 3564 2358 3623 edicimus,
2398 3566 2440 3613 si
2474 3581 2524 3612 se
2560 3566 2690 3630 ipsos

490 3643 800 3707 neglexerint,
830 3650 1082 3707 nostraque
1116 3652 1355 3707 pmceptn
1389 3644 1739 3704 contemserint,
1790 3643 2026 3709 ignobiles
2060 3660 2143 3693 eos
2176 3645 2386 3695 sumrosz
2420 3646 2490 3693 sin
2530 3655 2689 3695 autem

489 3725 772 3788 curaverint,
807 3722 929 3772 forte
963 3723 1137 3788 dignos
1167 3724 1306 3773 avitis
1341 3725 1613 3774 nominibus
1648 3742 1887 3774 evasuros.
1919 3725 2015 3790 ipsi
2053 3742 2165 3775 vero
2203 3726 2434 3790 perituros
2464 3742 2516 3775 se
2550 3728 2691 3776 nobis

488 3807 793 3871 respondent.
857 3804 1012 3853 Nobis
1028 3813 1188 3855 autem
1209 3806 1273 3855 de
1294 3807 1385 3855 hoc
1404 3806 1610 3859 invicem
1644 3807 2043 3865 consultantibus,
2075 3821 2171 3872 qua
2202 3807 2457 3872 disciplina
2475 3807 2550 3855 vel
2572 3824 2692 3858 con·

489 3886 739 3935 suetudine
760 3886 1057 3950 potissimum
1078 3886 1249 3952 optimi
1269 3888 1369 3936 fieri
1389 3895 1607 3952 possunt,
1629 3889 1852 3952 exposuit
1871 3887 2127 3952 quispiam,
2164 3903 2320 3952 operae
2341 3889 2542 3953 pretium
2567 3905 2691 3948 esse,

486 3974 542 4016 ut
563 3967 700 4014 armis
720 3955 943 4017 dimicare
963 3963 1267 4034 perdiscant:
1303 3968 1608 4033 laudavitque
1629 3968 1798 4027 istum,
1835 3984 1979 4033 quem
1999 3984 2083 4018 vos
2108 3970 2250 4018 modo
2271 3977 2528 4019 certantem
2550 3985 2690 4037 spec-

487 4047 643 4106 tastis,
665 4054 717 4095 et
735 4048 948 4097 contueri
962 4048 1124 4113 jussit.
1194 4048 1440 4114 Optimum
1460 4050 1624 4114 itaque
1655 4050 1755 4099 fore
1777 4050 2066 4116 putavimus,
2089 4056 2143 4097 ut
2163 4058 2215 4099 et
2230 4066 2318 4099 nos
2339 4051 2402 4099 ad
2426 4051 2519 4099 boc
2549 4066 2690 4116 spec·

485 4127 695 4178 taculum
716 4127 999 4185 veniremus,
1035 4138 1087 4177 et
1104 4145 1190 4178 vos
1209 4146 1309 4178 uns
1342 4146 1728 4191 convocaremus,
1761 4138 1862 4180 tum
1884 4131 1947 4180 nd
1968 4132 2301 4196 spectandum,
2332 4139 2430 4179 turn
2452 4131 2618 4189 etium,
2650 4132 2691 4181 si

487 4209 648 4268 vultis,
681 4207 830 4273 [18⁰]
864 4209 926 4257 de
946 4209 1302 4259 cdolescentum
1322 4211 1606 4261 educatione
1628 4212 1869 4261 communi
1889 4211 2091 4262 consilio
2125 4212 2503 4261 deliberandum.
2567 4212 2692 4262 Haec

486 4298 614 4348 sunt,
635 4304 745 4355 qum
765 4288 1008 4338 vobiscum
1027 4290 1239 4339 conferre
1272 4292 1598 4356 cupiebamus.
1663 4290 1840 4343 Vestra
1870 4308 1997 4344 nunc
2034 4294 2246 4356 interest,
2283 4300 2379 4342 tarn
2412 4293 2477 4342 de
2507 4294 2600 4344 hac
2618 4309 2692 4352 re,

485 4378 641 4420 utrum
663 4369 892 4420 discenda
912 4369 977 4418 sit
992 4386 1165 4435 necne,
1195 4371 1460 4430 consulere,
1494 4388 1634 4439 quam
1656 4373 1719 4421 de
1738 4373 1859 4431 aliis,
1893 4374 1937 4423 si
1971 4390 2114 4439 quam
2147 4373 2448 4439 disciplinam
2478 4373 2556 4422 vel
2590 4380 2691 4424 stu·

488 4450 619 4500 dium
655 4450 971 4504 adolescentis
1004 4450 1144 4502 laud'e
1174 4453 1371 4518 dignum
1405 4454 1629 4504 invenitis
1650 4473 1661 4502 :
1697 4462 1748 4504 et
1780 4454 1897 4521 quid
1936 4455 2059 4507 circa
2101 4453 2486 4506 communionem
2524 4453 2694 4507 {sauri
