2917 4975
486 414 603 474 132
1374 393 1781 460 PLA‘roms
2573 392 2690 471 [19

488 579 664 614 morem
683 561 1064 625 divulgaverunt,
1083 553 1176 606 mei
1198 560 1494 605 accusatores
1516 547 1834 616 potentissimi
1854 554 1982 597 sunt.
2046 544 2146 605 Qui
2177 543 2307 596 enim
2334 546 2442 596 hoc
2471 543 2696 607 audiunt,

489 644 746 709 opinantur
774 642 936 689 harum
967 653 1118 687 rerum
1153 640 1519 699 perscrutatores
1552 646 1653 680 ιιοιι
1693 630 1886 679 credere
1921 628 2039 677 deos
2068 642 2189 676 esse.
2254 623 2479 675 Proiecto
2499 640 2697 675 accusa-

491 736 617 774 tores
645 718 916 786 hujusmodi
943 726 995 767 et
1031 717 1249 782 permulti
1281 723 1427 775 suut;
1458 720 1511 762 et
1540 712 1684 775 longo
1715 709 1819 773 jam
1857 718 2069 773 temporo
2106 722 2181 756 me
2200 713 2461 767 accusant3
2492 713 2545 754 et
2564 705 2614 752 in
2636 719 2699 753 ea

493 810 634 853 etate
655 802 787 850 vobis
808 805 1072 854 suaserunt,
1105 797 1153 844 in
1177 811 1274 861 qua
1306 793 1520 859 plerique
1541 799 1744 841 vestrum
1766 788 1917 853 pueri,
1941 795 2024 837 aut
2045 795 2172 836 certe
2192 784 2555 843 adolescentuli,
2588 800 2699 849 per-

493 884 635 933 ficile
655 879 936 937 credidistis,
974 877 1194 927 deserta
1180 893 1231 926 ιιι
1252 891 1413 931 causa,
1451 873 1641 922 nemine
1662 886 1739 919 me
1761 869 2066 920 defendente.
2133 867 2298 932 Atque
2319 866 2387 924 id,
2409 867 2539 930 quod
2564 881 2595 914 a
2613 867 2701 915 de·

495 964 724 1013 tensionis
741 960 925 1010 ratione
945 958 1154 1007 omnium
1169 956 1506 1006 alienissimum
1523 961 1615 1016 est,
1635 967 1791 1017 neque
1810 950 2004 1000 nomina
2017 949 2211 1014 quidem
2232 947 2417 996 illorum
2437 947 2556 995 scire
2568 947 2701 1004 licet,

496 1052 641 1109 atque
664 1042 900 1108 proferre5
935 1046 1243 1105 praetorquam
1275 1037 1316 1085 si
1342 1036 1447 1100 quis
1487 1035 1672 1082 illorum
1709 1031 1952 1081 comoedus
1984 1030 2062 1079 sit.
2128 1029 2450 1092 Quotcunque
2469 1043 2582 1076 vero
2616 1042 2703 1091 per

497 1125 724 1173 invidiam
746 1130 798 1172 et
817 1114 1097 1179 calumniam
1122 1120 1226 1171 baec
1244 1118 1378 1173 robis
1398 1132 1553 1169 mrsus
1577 1121 1926 1180 persuaserunt,
1946 1112 2087 1176 quire
2108 1110 2201 1174 ipsi
2223 1109 2431 1174 persuasi
2456 1124 2702 1172 persuase-

499 1214 611 1254 runt
630 1204 764 1265 aliis;
795 1203 847 1251 hi
868 1217 1029 1250 omnes
1050 1200 1222 1248 infiniti
1244 1197 1438 1248 omnino
1462 1204 1605 1246 sunt:
1643 1210 1733 1243 nec
1754 1209 1914 1242 eorum
1945 1207 2228 1257 quemquam
2258 1189 2311 1238 in
2334 1189 2572 1253 judicium
2609 1199 2703 1238 tra-

502 1286 694 1342 ducere,
725 1299 815 1333 nec
845 1283 1121 1346 redarguere
1154 1281 1298 1340 licet;
1331 1279 1416 1327 sed
1450 1292 1643 1327 necesse
1673 1282 1762 1332 est,
1796 1274 2017 1323 adversus
2037 1272 2171 1335 istos,
2200 1277 2425 1333 tanquam
2459 1271 2509 1317 in
2543 1278 2705 1326 nocte,

501 1380 716 1430 pugnare
735 1362 1058 1424 defendendo,
1089 1370 1232 1428 atque
1253 1360 1535 1416 refellendo,
1571 1356 1761 1406 nomine
1797 1354 2131 1419 respondente.
2198 1351 2475 1401 Existimatc
2508 1367 2621 1415 ergo
2652 1358 2706 1399 et

504 1459 606 1501 vos,
628 1444 1022 1510 quemadmodum
1045 1443 1279 1502 dicebam,
1299 1447 1596 1489 accusatores
1616 1453 1743 1485 meos
1763 1435 1979 1500 duplices
1999 1434 2207 1484 extitisse
2228 1449 2242 1482 ε
2277 1442 2329 1481 et
2347 1432 2430 1497 qui
2451 1447 2602 1497 nuper
2622 1447 2704 1481 ac·

505 1533 758 1586 cusarunt;
785 1533 836 1575 et
864 1526 948 1590 qui
978 1524 1182 1588 jamdiu,
1208 1522 1374 1587 quales
1406 1522 1547 1569 modo
1568 1517 1924 1567 describebam:
1960 1524 2102 1577 atque
2130 1514 2363 1578 judicate,
2403 1529 2478 1564 me
2508 1513 2704 1581 quidem

506 1616 724 1669 oportere
745 1607 873 1668 prius
895 1605 1175 1669 respondere
1199 1603 1314 1660 illis,
1336 1617 1456 1667 quos
1479 1609 1530 1649 et
1560 1599 1652 1663 ipsi
1675 1599 1823 1664 prius,
1852 1598 2095 1661 multoque
2116 1595 2265 1660 magis
2282 1594 2547 1644 audivistis.
2612 1594 2707 1642 Sed

397 1701 405 1710 ·
502 1684 604 1748 jam
626 1686 1005 1748 respondendum
1027 1684 1145 1732 mihi
1165 1692 1255 1740 est,
1278 1700 1307 1731 o
1332 1683 1414 1745 viri
1437 1681 1773 1737 Athenienses,
1810 1679 1922 1743 [19]
1954 1678 2050 1726 illis
2081 1678 2373 1739 criminibus,
2408 1676 2704 1725 conandum·

509 1766 669 1829 quein
693 1767 783 1814 b‘oc
802 1774 898 1814 tam
922 1764 1049 1814 brevi
1072 1771 1282 1828 tempore
1305 1763 1582 1827 opinionem
1606 1761 1740 1809 istam
1763 1760 1937 1815 delere,
1971 1775 2113 1823 quarn
2135 1774 2219 1808 vos
2240 1757 2601 1823 percalnrnnias
2620 1759 2708 1806 de-

510 1845 659 1909 cepti,
681 1845 824 1908 longo
848 1844 949 1908 jam
974 1853 1185 1909 tempore
1206 1853 1369 1893 contra
1393 1859 1468 1891 me
1489 1841 1790 1905 concepistis.
1857 1841 1988 1904 Opto
2011 1848 2169 1889 autern
2191 1839 2258 1888 ita
2280 1839 2469 1887 demum
2490 1841 2708 1888 adversa-

509 1924 606 1972 rios
626 1924 856 1987 refellere,
877 1933 1021 1988 atque
1042 1926 1273 1982 obtinere,
1291 1925 1330 1973 si
1355 1925 1497 1972 modo
1520 1923 1571 1971 id
1594 1922 1729 1970 vobis
1750 1930 1801 1971 et
1824 1920 1941 1970 mibi
1962 1921 2130 1971 melius
2150 1921 2213 1970 sit
2231 1920 2456 1969 futurum.
2521 1921 2710 1978 Quam·

513 2019 655 2068 qnam
676 2004 867 2054 difficile
890 2006 938 2054 id
963 2005 1060 2054 sore
1079 2004 1306 2054 arbitror:
1339 2018 1497 2069 neque
1533 2002 1807 2059 admodum,
1844 2001 1985 2068 qualo
2017 2002 2067 2050 id
2098 2001 2176 2059 sit,
2211 2017 2287 2050 me
2318 2002 2451 2050 latet.
2516 2001 2713 2057 Verum,

512 2093 569 2132 nt
591 2085 703 2134 Deo
725 2086 899 2150 placet,
923 2087 990 2134 ita
1010 2087 1250 2137 succedat.
1285 2101 1371 2135 nos
1392 2093 1548 2134 antem
1574 2085 1665 2148 legi
1688 2099 1851 2148 parere
1872 2090 2076 2148 oportet,
2099 2098 2155 2132 ac
2176 2081 2497 2131 defensionem
2515 2098 2603 2147 pro
2624 2098 2708 2130 no·

513 2165 590 2214 bis
607 2167 788 2216 afferre.
855 2167 1148 2232 Repetamus
1168 2167 1311 2232 igitur
1333 2167 1394 2216 ab
1415 2166 1575 2224 initio,
1596 2180 1703 2230 quie
1724 2166 1786 2212 sit
1801 2163 2057 2221 accusatio,
2078 2179 2136 2212 ex
2158 2179 2253 2228 qua
2274 2165 2493 2212 adversus
2506 2178 2586 2211 me
2601 2170 2715 2211 nata

516 2253 591 2295 est
609 2246 694 2295 iila
714 2247 968 2312 calumnia,
990 2264 1086 2313 qua
1103 2249 1308 2298 confisus
1335 2248 1536 2299 Melitus
1555 2247 1670 2295 milii
1690 2245 1819 2295 diem
1843 2245 1981 2295 dixit.
2046 2244 2176 2301 Quid
2211 2260 2326 2308 ergo
2354 2243 2487 2294 aiunt
2519 2259 2715 2293 accusa-

518 2332 642 2376 tores
664 2329 784 2377 mei?
818 2336 1041 2394 tanquam
1063 2331 1192 2378 enim
1216 2331 1254 2378 si
1274 2328 1325 2378 in
1355 2327 1544 2392 judicio
1573 2328 1812 2384 adessent,
1845 2341 2006 2375 eorum
2026 2322 2246 2374 recitetur
2264 2325 2518 2381 accusatio,
2547 2325 2596 2372 in
2618 2340 2717 2389 qna

518 2416 684 2457 eontra
706 2420 782 2458 me
799 2408 982 2473 jurant,
1008 2426 1115 2475 quan
1139 2420 1189 2460 et
1209 2410 1414 2459 vicissim
1434 2424 1461 2457 a
1486 2425 1561 2458 me
1583 2407 1733 2472 exigit
1761 2406 2095 2471 juramentum.
2160 2405 2383 2456 Socrates
2400 2404 2576 2467 iniuste
2594 2405 2726 2466 atii,

507 2490 874 2551 moneamus·
894 2492 1358 2554 curioseperqudrie,
1378 2490 1740 2553 quantia-m
1761 2488 2003 2551 dquaer‘a
2039 2489 2153 2537 ooelo
2185 2492 2316 2547 sust,
2354 2487 2722 2550 Maioremque

517 2569 753 2616 vasionen·
772 2570 931 2618 reddit
954 2570 1259 2633 superiorem.
1327 2570 1575 2618 Praeterea
1595 2569 1721 2617 alios
1737 2570 1899 2617 cadens
1917 2569 2068 2617 docet.
2132 2567 2263 2615 Talis
2283 2567 2450 2632 utique
2478 2574 2553 2617 est
2579 2581 2726 2615 accu-

522 2646 660 2710 satio.
725 2646 913 2710 Nempe
950 2649 1062 2695 talia
1095 2649 1314 2711 quaedam
1346 2655 1399 2696 et
1419 2662 1505 2695 vos
1538 2646 1725 2694 vidistis
1760 2646 1812 2693 in
1850 2645 2181 2708 Aristophanis
2218 2647 2481 2696 cornoedia:
2515 2646 2727 2696 Socratis

521 2724 767 2775 eninrillie
805 2739 1007 2791 persona
1039 2726 1374 2784 circumfertur,
1409 2726 1661 2783 affirmans,
1695 2741 1747 2773 se
1780 2741 1864 2789 per
1893 2740 2044 2773 aerem
2081 2726 2319 2789 pervagari
2338 2744 2351 2773 ι
2386 2734 2437 2775 et
2455 2728 2730 2791 complures

522 2805 756 2868 ejusmodi
778 2819 944 2872 magas.
1012 2809 1224 2866 Quarum
1247 2822 1337 2872 ego
1358 2821 1508 2855 rerum
1531 2821 1687 2870 neque
1708 2806 1926 2867 multum,
1948 2820 2104 2869 neque
2140 2819 2302 2868 parum
2322 2805 2582 2869 quidquam
2607 2808 2733 2857 scio.

522 2884 697 2951 Neque
710 2896 957 2952 propterea
978 2890 1080 2938 broc
1102 2888 1230 2945 dico,
1249 2888 1380 2953 qnod
1398 2889 1561 2936 barum
1580 2902 1731 2936 rerum
1748 2885 1991 2935 scientiam
2014 2884 2145 2949 parvi
2160 2883 2349 2942 faciam,
2369 2884 2411 2932 si
2431 2884 2574 2948 quis·
2560 2902 2612 2934 ιιι
2634 2889 2730 2937 im·

516 2965 730 3030 jusmodi
749 2970 889 3019 rebus
907 2970 971 3019 sit
990 2970 1216 3034 sapiens3
1247 2970 1369 3019 absit
1388 2976 1444 3017 ut
1465 2968 1586 3017 tanti
1605 2966 1812 3018 criminis
1833 2982 1937 3016 reus
1965 2981 1996 3014 a
2015 2965 2187 3015 Meiito
2208 2980 2417 3021 accuser,
2448 2971 2505 3013 ut
2527 2981 2629 3030 prse
2667 2971 2731 3019 ti-

525 3061 656 3097 more
691 3043 793 3100 boc
826 3066 1028 3117 negem:
1065 3052 1150 3101 sed
1183 3051 1300 3116 quia
1330 3065 1506 3107 revera,
1546 3064 1576 3098 o
1596 3047 1683 3097 viri
1722 3047 2054 3104 Athenienses,
2088 3047 2255 3095 borum
2280 3046 2398 3094 nihil
2431 3046 2548 3096 scio.
2580 3054 2731 3099 testes

527 3137 686 3177 autem
722 3130 864 3195 hujus
885 3132 1150 3197 plerosque
1172 3139 1380 3182 vestrum
1418 3131 1626 3180 adduco.
1691 3127 1791 3177 Oro
1821 3127 2066 3177 vobiscum
2100 3127 2193 3192 ipsi
2227 3126 2488 3191 repetendo
2518 3127 2727 3178 invicem

529 3208 727 3270 aperite,
748 3218 985 3275 quotquot
1003 3228 1076 3259 me
1097 3212 1447 3276 colloquentem
1469 3209 1727 3275 aliquando
1749 3208 2020 3257 audivistis:
2054 3207 2299 3256 audivistis
2317 3215 2475 3256 autem
2506 3208 2726 3275 plerique

529 3297 750 3338 restrum.
816 3290 1081 3339 Recensete
1117 3291 1264 3354 igitur
1303 3292 1525 3347 invicem,
1566 3306 1678 3338 num
1716 3289 1824 3353 quis
1862 3297 2063 3338 restrum
2103 3288 2359 3353 aliqnando
2394 3289 2451 3337 iis
2484 3289 2547 3339 de
2585 3292 2725 3340 rebus

532 3368 811 3432 quidquam,
832 3369 929 3418 sive
951 3369 1167 3425 multum.
1189 3371 1287 3418 sive
1311 3381 1475 3434 parum
1496 3369 1728 3418 audirerit
1760 3369 2080 3432 disputantem
2101 3384 2116 3418 ε
2149 3376 2295 3433 atque
2325 3383 2384 3417 ex
2405 3368 2498 3419 hoc
2518 3370 2725 3436 denique

533 3448 845 3511 cognoscetis,
878 3447 1112 3512 ejusmodi
1134 3459 1236 3497 esse
1252 3457 1425 3505 cetera,
1447 3464 1554 3513 qnoe
1574 3448 1707 3496 multi
1728 3448 1791 3496 de
1813 3463 1887 3497 me
1909 3449 2259 3499 circumferunt.
2322 3449 2391 3498 At
2410 3449 2537 3498 enirn
2558 3451 2721 3500 borum

534 3527 652 3576 nibil
690 3536 764 3577 est
791 3541 966 3579 verum.
1033 3528 1165 3588 Quin
1201 3530 1342 3579 etiam
1376 3545 1407 3578 a
1436 3528 1665 3594 quopiam
1693 3529 1986 3588 audiveritis,
2019 3545 2093 3579 rae
2125 3530 2338 3579 bonfines
2359 3531 2548 3597 docere,
2581 3541 2727 3597 atquo

534 3607 649 3655 iude
670 3607 895 3670 pecunias
915 3610 1173 3671 cumulare,
1205 3625 1363 3674 neque
1393 3610 1443 3658 id
1477 3609 1670 3674 quidem
1693 3623 1851 3657 serum
1879 3616 1973 3661 est.
2041 3610 2191 3674 Atqui
2225 3610 2496 3676 pra-clarum
2525 3612 2576 3659 id
2614 3614 2728 3660 milii

537 3687 742 3744 videtur,
763 3688 805 3735 si
825 3689 932 3753 quis
951 3689 1123 3739 docere
1144 3690 1357 3738 homines
1379 3690 1551 3754 possit,
1571 3690 1969 3754 quemadmodum
1991 3688 2194 3755 Gorgias
2220 3691 2499 3748 Leontinus,
2533 3699 2585 3741 et
2615 3694 2729 3742 Pro-

535 3768 672 3816 dicus
695 3768 866 3827 Chius,
900 3777 951 3818 et
972 3769 1176 3834 Hippias
1199 3770 1362 3821 Eleus.
1396 3773 1562 3820 horum
1583 3785 1788 3836 namque
1805 3769 1987 3836 singuli
2000 3786 2106 3820 eam
2125 3771 2397 3821 facultatem
2416 3773 2614 3837 babent,
2647 3789 2732 3838 per

536 3864 678 3912 quam
699 3851 762 3898 ad
783 3850 990 3914 singulas
1010 3851 1210 3917 profecti
1230 3851 1468 3910 civitates,
1488 3852 1882 3911 adolescentibus,
1915 3853 2088 3918 quibus
2109 3854 2273 3903 liceret
2290 3854 2340 3901 in
2370 3854 2521 3917 patria
2540 3869 2728 3904 suornm

536 3944 590 3978 se
609 3928 784 3979 civium
804 3930 1070 3995 disciplina
1090 3933 1294 3997 gratuito
1315 3933 1663 3991 commendare,
1684 3935 1988 4000 persuadent,
2024 3940 2081 3981 ut
2107 3935 2238 3998 ipsos
2263 3932 2458 3981 aliomm
2477 3934 2728 4000 disciplina

535 4009 701 4060 relicta
732 4020 989 4077 sectentur,
1023 4013 1138 4078 [20]
1174 4029 1231 4063 ac
1252 4015 1364 4064 data
1398 4015 1617 4078 pecunia,
1651 4015 1846 4080 gratiam
1877 4015 2069 4078 insuper
2104 4016 2326 4063 habeant.
2390 4013 2478 4062 Est
2513 4022 2565 4063 et
2607 4016 2725 4064 alius

519 4089 730 4156 'qnidam
749 4093 818 4141 vir
831 4093 911 4142 hic
933 4094 1142 4158 sapiens,
1167 4111 1308 4159 quem
1329 4111 1421 4159 ego
1442 4097 1537 4145 buc
1559 4095 1807 4144 advenisse
1824 4111 1926 4144 sum
1948 4095 2201 4143 admodum
2222 4094 2502 4145 delectatus.
2533 4095 2734 4159 contigit

539 4189 672 4232 sane,
696 4183 749 4223 ut
768 4171 976 4238 aliquem
999 4174 1307 4232 offenderem,
1328 4176 1410 4240 qui
1433 4177 1545 4241 plus
1567 4175 1871 4241 pecuniarum
1892 4176 2125 4239 sophistis
2146 4176 2473 4239 perpenderat,
2493 4189 2632 4240 qnam
2655 4189 2733 4224 ce·

541 4256 627 4305 teri
651 4271 832 4311 omnes.
852 4254 1077 4319 Calliam,
1096 4256 1361 4321 Hipponici
1395 4257 1565 4310 tilium.
1630 4256 1775 4306 Hunc
1806 4272 1917 4320 ergo
1955 4255 2253 4320 interrogavi.
2284 4255 2433 4320 (duos
2449 4256 2575 4304 enim
2595 4255 2734 4304 habet

538 4336 708 4402 filios.)
740 4335 786 4388 Ο
810 4335 981 4394 Callia,
1004 4336 1215 4402 inquam,
1251 4337 1294 4386 si
1315 4337 1400 4386 tilii
1421 4338 1490 4386 tui
1512 4338 1634 4401 pulli
1663 4337 1827 4402 equini
1864 4345 1948 4385 aut
1969 4336 2141 4386 taurini
2161 4344 2333 4395 essent,
2355 4337 2632 4386 haberemus
2653 4335 2737 4384 ali·

542 4432 701 4479 quem,
722 4435 866 4484 quem
884 4418 976 4469 illis
998 4419 1213 4474 mercede
1233 4418 1445 4468 adhibita
1469 4418 1830 4484 pmiicercmus,
1866 4418 1951 4483 qni
1984 4433 2067 4467 eos
2087 4417 2326 4482 pulchros,
2346 4423 2397 4466 et
2417 4416 2480 4466 ad
2502 4416 2735 4482 propriam
