2917 4975
514 383 637 442 428
1425 374 1829 438 PLAToma
2297 388 2304 395 ·
2608 382 2730 459 [59

518 534 619 585 Pu.
648 533 808 597 Atque
830 531 946 580 mira
964 529 1169 595 quadam
1191 528 1391 586 ratione,
1413 545 1442 576 o
1467 528 1766 587 Echecrates,
1789 528 1886 578 illic
1907 543 2110 593 presens
2132 528 2332 579 affectus
2352 544 2496 579 eram.
2539 530 2726 598 Neque

518 613 645 662 enim
669 611 985 662 misericordia
1005 627 1080 660 me
1097 611 1317 668 babebat,
1340 617 1394 658 ut
1415 609 1757 659 familiarissimi
1780 609 2020 658 virimorti
2039 618 2338 674 praesentem.
2403 611 2530 661 Sane
2545 612 2724 662 beatus

519 693 589 741 vir
622 692 703 741 ille
741 693 870 750 mihi,
907 709 938 741 ο
977 692 1276 749 Echecrates,
1298 690 1562 748 videbatur,
1586 699 1685 739 tum
1718 690 1864 739 animi
1897 690 2025 740 illius
2060 689 2294 749 habitum,
2317 699 2415 740 tum
2454 694 2721 743 orationem

517 772 864 823 consideranti:
898 772 1020 821 adeo
1042 771 1277 835 intrepide
1310 785 1631 835 generoseque
1668 770 1898 834 migrabat
1917 786 1947 819 e
1969 770 2085 834 vita,
2106 777 2162 817 ut
2181 770 2415 820 videretur
2437 772 2554 821 mihi
2573 773 2714 822 illum

514 853 567 901 in
591 854 735 902 vitam
757 853 948 903 alteram
970 867 1068 901 non
1091 853 1269 917 absque
1289 850 1454 899 divina
1475 857 1599 899 sorte
1619 849 1834 915 migrare,
1864 851 1950 899 sed
1981 849 2078 899 illic
2110 865 2303 915 quoque
2334 853 2502 901 beatus
2533 852 2654 911 fore,
2679 854 2722 901 si

515 933 621 997 quis
649 932 764 999 [69]
799 947 1007 998 unquam
1028 932 1160 983 alter.
1228 931 1546 990 Quamobrem
1585 946 1742 996 neque
1763 931 2017 980 admodum
2037 932 2383 990 commovebar,
2405 932 2488 998 (ut
2506 947 2720 983 consen·

510 1020 703 1062 taneum
723 1014 958 1063 videretur
976 1013 1214 1062 hominem
1235 1012 1299 1062 rei
1321 1019 1598 1076 presentem
1623 1011 1807 1076 lugubri
1828 1012 2135 1076 commoveri)
2158 1028 2314 1077 neque
2348 1027 2503 1062 rursus
2536 1014 2716 1064 afficie-

512 1094 595 1143 bar
617 1093 801 1156 letitia,
821 1093 1218 1158 quemadmodum
1238 1091 1503 1141 solebamus
1524 1091 1658 1149 alias,
1678 1106 1786 1140 cum
1810 1092 1859 1139 in
1881 1092 2182 1156 philosophia
2203 1092 2516 1142 versabamur.
2577 1093 2712 1142 Nam

514 1188 754 1222 sermones
773 1173 968 1237 quidem
985 1171 1221 1236 ejusmodi
1242 1179 1405 1220 erant:
1440 1171 1525 1220 sed
1548 1186 1707 1220 revera
1727 1172 1925 1221 affectus
1946 1172 2142 1236 quidam
2175 1172 2317 1221 mirus
2355 1180 2498 1237 atque
2517 1174 2717 1223 insolita

512 1252 773 1318 voluptatis
793 1253 1061 1319 dolorisque
1076 1253 1322 1319 permixtio
1344 1269 1418 1301 me
1439 1253 1670 1301 invaserat
1691 1253 2085 1311 considerantem,
2108 1252 2180 1301 illi
2202 1253 2345 1318 paulo
2365 1261 2474 1318 post
2505 1254 2714 1303 morien-

513 1334 628 1382 dum
650 1350 769 1383 esse.
804 1341 855 1383 et
873 1334 1145 1398 quicunque
1167 1335 1427 1389 aderamus,
1449 1333 1594 1382 ferme
1627 1332 1840 1382 similiter
1873 1348 2055 1382 eramus
2085 1331 2263 1391 affecti,
2285 1333 2400 1382 alias
2430 1335 2622 1398 quidem
2647 1335 2712 1382 ri-

512 1413 697 1472 dentes,
736 1413 850 1463 alias
866 1430 976 1464 vero
1014 1414 1341 1480 lacrymantes.
1378 1430 1499 1463 unus
1533 1422 1691 1463 autem
1724 1429 1821 1478 prae
1844 1414 2012 1463 ceteris
2029 1413 2350 1479 Apollodorus
2370 1432 2384 1463 ε
2416 1415 2542 1463 nosti
2576 1416 2707 1463 enim

509 1494 659 1543 virum
689 1495 888 1559 ejusque
922 1510 1087 1546 mores.
1154 1495 1286 1545 Ecn.
1324 1494 1544 1553 Quidni?
1611 1494 1710 1547 Pu.
1745 1494 1837 1543 Ille
1857 1495 2000 1560 igitur
2020 1494 2089 1542 ita
2126 1510 2313 1558 prorsus
2346 1502 2449 1543 erat
2479 1495 2708 1545 affectus:

510 1582 653 1639 atque
675 1590 765 1639 ego
801 1576 902 1640 ipse
935 1576 1112 1641 aliique
1138 1591 1301 1626 omues
1330 1576 1602 1625 distractum
1642 1575 1853 1624 similiter
1887 1575 2236 1639 perturbatione
2271 1574 2479 1623 animum
2500 1575 2710 1623 babeba-

510 1671 633 1704 mns.
695 1655 826 1707 Ecn.
860 1658 954 1706 Sed
978 1658 1170 1721 quinam
1188 1657 1308 1705 forte
1330 1658 1546 1720 aderant,
1569 1672 1599 1704 o
1621 1656 1871 1705 Phaedon?
1939 1655 2038 1705 Pu.
2072 1655 2215 1704 Cives
2235 1655 2426 1719 quidem
2450 1663 2500 1704 et
2519 1656 2708 1720 indige-

506 1750 583 1783 nm
604 1735 801 1785 aderant
821 1737 922 1801 ipse
946 1737 1267 1801 Apollodorus
1285 1746 1334 1786 et
1347 1737 1623 1786 Critobulus
1643 1745 1869 1802 paterque
1885 1736 1989 1800 ejus
2009 1754 2022 1784 τ
2055 1750 2211 1785 rursus
2227 1735 2567 1799 Hermogenes,
2584 1734 2703 1800 Epi-

507 1830 671 1880 genes,
692 1817 962 1872 AEschines,
985 1816 1310 1867 Antisthenes.
1329 1817 1491 1867 aderat
1507 1826 1558 1867 et
1571 1818 1829 1882 Ctesippus
1844 1818 2074 1866 Paeaneus
2091 1824 2141 1866 et
2156 1816 2456 1865 Menexenus
2474 1823 2616 1881 atque
2626 1816 2708 1866 alii

506 1895 699 1961 quidam
713 1896 967 1959 indigenae.
994 1896 1132 1944 Plato
1146 1906 1323 1955 autem,
1343 1906 1395 1946 ut
1411 1900 1623 1955 arbitror,
1640 1899 1913 1961 agrotabat.
1947 1896 2077 1946 Ecu-
2099 1897 2194 1946 Sed
2212 1913 2326 1945 num
2345 1896 2494 1961 aliqui
2511 1897 2703 1945 aderant

506 1974 777 2039 peregrini?
844 1975 942 2025 Pu.
977 1976 1189 2024 Aderant
1215 1985 1266 2025 et
1287 1978 1538 2041 peregrini,
1554 1977 1772 2027 Simmias
1790 1978 2045 2027 Thebanus
2064 1985 2115 2026 et
2136 1977 2291 2027 Cebes
2304 1985 2356 2026 et
2367 1977 2698 2027 Pbodondes:

505 2050 811 2118 Megarenses
823 2070 930 2104 vero
946 2054 1169 2104 Euclides
1183 2064 1232 2105 et
1250 2057 1500 2122 Terpsion.
1549 2058 1679 2105 Ecn.
1704 2056 1974 2123 Aristippus
1988 2066 2145 2108 autem
2167 2064 2218 2107 et
2229 2056 2557 2108 Cleombrotus
2577 2073 2702 2105 nun-

504 2134 623 2199 quid
646 2136 873 2184 aderant?
928 2135 1027 2185 Pu.
1059 2136 1192 2186 Non.
1238 2136 1297 2185 In
1315 2138 1492 2204 AEgiua
1508 2139 1635 2188 enim
1651 2139 1931 2188 dicebantur
1949 2154 2067 2187 esse.
2117 2137 2247 2186 Ecn.
2279 2139 2556 2187 Ademntne
2572 2137 2702 2187 insn-

508 2232 595 2281 per
616 2215 731 2265 alii?
777 2217 877 2266 Pu.
913 2216 1017 2266 Hos
1038 2218 1202 2281 ferme,
1221 2235 1340 2284 quos
1352 2220 1550 2279 narrari,
1567 2220 1829 2269 interfuisse
1843 2219 2075 2268 existimo.
2107 2218 2239 2270 Ecn.
2275 2217 2370 2268 Dic
2391 2234 2518 2277 vero,
2539 2219 2702 2284 quale

506 2297 696 2346 fuerunt
717 2299 985 2347 sermones?
1050 2299 1148 2347 ΡΗ.
1183 2298 1409 2352 Conabor
1429 2301 1649 2365 equidem
1672 2316 1701 2348 a
1722 2300 1957 2364 principio
1979 2299 2065 2348 tibi
2098 2300 2258 2348 omnia
2278 2315 2505 2349 enarrare.
2566 2299 2696 2348 Sole-

503 2379 668 2427 bamus
690 2379 903 2442 quotidie
923 2379 1090 2427 diebus
1109 2380 1423 2444 superioribus
1444 2382 1505 2429 ad
1529 2382 1768 2430 Socratem
1792 2379 2025 2445 proficisci
2062 2396 2152 2445 ego
2189 2386 2332 2444 atque
2354 2379 2454 2443 alii,
2475 2379 2698 2428 conveni·

502 2467 637 2509 entes
657 2475 794 2509 mane
818 2459 864 2508 in
888 2460 968 2508 illa
987 2460 1134 2525 curia,
1149 2460 1198 2508 in
1221 2476 1316 2525 qua
1336 2469 1386 2510 et
1408 2460 1644 2525 judicium
1667 2461 1842 2512 factum
1867 2462 2018 2511 fuerat
2041 2479 2054 2509 ε
2089 2462 2260 2512 carceri
2280 2461 2406 2510 enim
2425 2466 2524 2509 erat
2544 2459 2695 2523 proxi·

500 2557 593 2590 ma.
661 2541 998 2616 quloquentes
1036 2539 1178 2605 igitur
1212 2542 1334 2590 inter
1367 2557 1454 2590 nos
1496 2542 1824 2605 operiebamur
1844 2557 2029 2607 semper
2057 2541 2176 2606 illic,
2194 2542 2352 2605 quoad
2382 2555 2543 2590 carcer
2583 2554 2692 2604 ape·

498 2620 677 2668 riretur.
728 2618 1021 2683 aperiebatur
1073 2621 1198 2668 euim
1248 2621 1377 2668 haud
1416 2622 1672 2669 admodum
1708 2637 1865 2673 mane.
1910 2638 1970 2670 eo
2007 2629 2165 2670 autem
2203 2629 2367 2685 aperto
2405 2619 2692 2684 ingredieba-

499 2716 600 2749 mur
627 2701 687 2748 ad
720 2701 978 2756 Socratem,
1016 2706 1067 2748 et
1106 2699 1165 2748 ad
1190 2699 1437 2763 plurimum
1473 2700 1597 2748 diem
1631 2717 1739 2750 cum
1776 2703 1884 2765 ipso
1916 2701 2348 2751 confabulabamur.
2414 2700 2551 2749 Tunc
2583 2715 2690 2763 ergo

496 2779 625 2846 prius
656 2780 796 2829 solito
829 2779 1148 2829 convenimus.
1188 2779 1341 2844 pridie
1362 2795 1567 2844 namque
1596 2781 1701 2845 ejus
1723 2781 1841 2846 diei,
1861 2797 1970 2831 cum
2009 2798 2037 2830 e
2069 2797 2253 2830 carcere
2286 2781 2460 2846 egressi
2491 2795 2687 2829 eseemm

498 2877 709 2927 vespere,
729 2876 895 2910 navem
914 2877 970 2910 ex
993 2859 1122 2909 Delo
1145 2861 1410 2910 audivimus
1432 2860 1641 2911 rediisse.
1676 2862 1838 2926 itaque
1860 2861 2092 2911 ediximus
2114 2861 2335 2924 invicem,
2355 2875 2536 2909 summo
2557 2874 2685 2908 mane

495 2943 633 2991 nobis
653 2941 753 2992 fore
775 2943 835 2991 ad
868 2943 1025 2992 locum
1056 2941 1246 2990 solitum
1275 2943 1584 2991 redeundum.
1651 2942 1776 2991 Cum
1809 2958 1918 2991 vero
1943 2943 2111 2991 reversi
2131 2956 2353 2997 essemus,
2375 2939 2539 2989 exiens
2558 2940 2685 2988 nobis

498 3024 665 3072 obvius
691 3023 888 3088 janitor,
910 3024 991 3088 qui
1026 3038 1112 3071 nos
1144 3022 1325 3072 solebat
1357 3023 1623 3086 admittere,
1641 3031 1912 3087 exspectare
1925 3022 2068 3087 jussit
2088 3037 2176 3072 nec
2197 3021 2325 3085 prius
2345 3020 2531 3085 ingredi
2551 3035 2681 3084 qaam

498 3105 559 3152 ab
580 3106 686 3169 ipso
708 3105 1047 3154 accersit-emur.
1115 3103 1316 3153 Solvuut
1334 3104 1480 3162 enim,
1505 3103 1682 3169 inquit,
1697 3103 1915 3152 undecim
1939 3102 2024 3151 viri
2046 3104 2305 3165 Socratem,
2325 3101 2489 3165 illique
2506 3101 2679 3148 denua-

494 3184 617 3232 tiant
638 3185 780 3233 hodie
803 3193 996 3234 mortem
1019 3202 1120 3234 esse
1142 3186 1427 3235 obeundam.
1496 3184 1667 3249 Neque
1699 3185 1873 3234 deinde
1906 3184 2158 3232 admodum
2198 3188 2513 3232 commoratus
2551 3178 2681 3229 rediit

493 3266 555 3313 ad
593 3282 696 3320 nos,
713 3265 952 3330 jussitque
986 3266 1174 3314 intrare.
1241 3267 1410 3329 Itaque
1454 3267 1742 3314 introeuntes
1779 3265 1893 3330 [60]
1927 3265 2165 3314 Socratem
2195 3263 2390 3327 quidem
2425 3261 2678 3310 invenimus

491 3345 801 3406 compedibus
824 3346 966 3409 paulo
989 3354 1098 3393 ante
1121 3344 1323 3392 solutum
1342 3363 1355 3404 3
1390 3343 1696 3409 Xanthippen
1715 3361 1823 3393 vero
1841 3344 1991 3409 (nosti
2009 3341 2275 3405 mulierem)
2292 3341 2429 3404 juxta
2446 3341 2675 3390 sedentem

490 3435 781 3486 puerumque
803 3425 905 3486 ejus
924 3426 1137 3472 manibus
1161 3432 1415 3472 tenentem.
1482 3426 1604 3482 Quae
1623 3441 1710 3473 nos
1732 3441 1837 3475 cum
1861 3425 2069 3479 vidisset,
2083 3422 2261 3488 ejulare
2277 3422 2439 3486 coepit,
2456 3430 2505 3470 et
2527 3421 2674 3486 qualia

490 3502 708 3550 mulieres
746 3502 916 3558 solent,
940 3504 1226 3552 exclamare:
1264 3504 1309 3553 Ο
1349 3505 1583 3560 Socrates,
1623 3506 1794 3570 inquit,
1818 3520 2057 3569 nunquam
2091 3502 2295 3568 amplius
2330 3502 2601 3552 effabuntur
2629 3509 2672 3549 te

491 3585 559 3631 tui
581 3583 844 3641 familiares,
868 3599 1022 3647 neque
1048 3593 1095 3630 tu
1120 3584 1242 3633 illos.
1309 3584 1379 3632 At
1398 3585 1613 3633 Socrates
1646 3585 1886 3635 Critonem
1923 3584 2140 3641 intuitus,
2171 3600 2202 3633 o
2224 3581 2379 3643 Crito,
2399 3581 2574 3644 inquit,
2591 3581 2665 3628 de·

489 3664 633 3712 ducat
651 3664 757 3729 quis
781 3665 900 3712 hanc
923 3664 1131 3711 domum.
1197 3664 1258 3712 Et
1280 3664 1408 3711 illam
1428 3665 1620 3728 quidem
1662 3664 1943 3713 reduxerunt
1975 3664 2167 3728 quidam
2191 3661 2401 3712 Critonis
2416 3660 2669 3715 domestici,

486 3743 820 3792 vociferantem
842 3752 982 3809 atque
1004 3745 1321 3808 plangentem.
1390 3745 1605 3792 Socrates
1638 3752 1793 3792 autem
1829 3745 1995 3792 sedens
2033 3744 2082 3791 in
2108 3743 2276 3793 lectica
2298 3741 2529 3790 contraxit
2547 3740 2600 3786 sd
2621 3753 2665 3785 se

485 3837 607 3876 crus,
633 3837 866 3889 manuque
891 3825 1148 3889 perfricuit,
1171 3833 1309 3888 atque
1335 3825 1455 3872 inter
1479 3824 1738 3872 fricandam
1777 3825 1845 3873 sic
1887 3825 2074 3888 inquitt
2110 3822 2268 3881 Quam
2290 3820 2408 3870 mira
2427 3820 2617 3872 videtur,
2636 3831 2663 3864 e

486 3902 588 3959 viri,
615 3904 714 3951 haec
735 3920 806 3952 res
829 3923 946 3960 csse,
973 3922 1112 3970 quam
1152 3906 1396 3954 nominant
1430 3903 1644 3952 homiues
1666 3904 1977 3968 voluptatem,
1996 3917 2233 3967 quamque
2254 3901 2371 3950 miro
2410 3898 2666 3948 naturaliter

485 4001 534 4032 se
557 3985 697 4032 habet
719 3985 860 4032 modo
894 3987 955 4033 ad
991 3987 1200 4034 dolorem
1231 3987 1399 4051 ipsum,
1422 3986 1503 4050 qui
1538 3986 1642 4048 ejus
1681 3986 1938 4034 contrarius
1971 4000 2072 4033 esse
2105 3983 2326 4032 videtur:
2359 3980 2536 4044 quippe
2566 3993 2661 4027 cum

483 4065 620 4113 simul
645 4064 823 4113 homini
847 4066 1009 4114 adem
1030 4066 1200 4114 nolint.
1236 4073 1444 4114 attamen
1474 4066 1511 4113 si
1547 4065 1652 4130 quis
1688 4065 1986 4129 prosequitur
2008 4065 2233 4129 capitque
2255 4061 2471 4114 alterum,
2495 4071 2661 4122 semper

481 4145 624 4195 ferme
647 4147 839 4195 alterum
857 4161 1045 4212 quoque
1064 4148 1275 4218 accipere
1298 4147 1484 4210 cogitur
1504 4163 1518 4206 ;
1550 4146 1684 4211 quasi
1708 4163 1764 4195 cx
1787 4147 1955 4194 eodem
1980 4144 2155 4194 vertice
2171 4143 2268 4192 sint
2287 4143 2428 4191 ambo
2440 4154 2658 4190 conuers-

479 4227 696 4276 Arbitror
717 4229 933 4292 equidem
961 4229 1212 4291 AEsopum,
1232 4227 1270 4274 si
1294 4227 1396 4276 haec
1418 4226 1838 4284 animadvertisset,
1862 4227 2065 4275 fabulam
2089 4225 2236 4273 fuisse
2248 4224 2515 4273 facturumt
2538 4222 2657 4268 vide-

480 4306 595 4354 licet
616 4308 772 4356 Deum
794 4310 964 4373 ipsum,
986 4325 1092 4358 cum
1115 4309 1220 4372 ipsa
1241 4308 1361 4357 inter
1396 4325 1446 4357 se
1486 4308 1745 4374 pugnantia
1768 4307 1912 4356 vellet
1946 4308 2199 4357 conciliare
2233 4320 2389 4370 neque
2427 4304 2490 4352 id·
2517 4304 2655 4352 facere

480 4396 657 4450 posset,
673 4388 723 4436 in
746 4404 889 4439 uuum
908 4392 1072 4440 saltem
1110 4404 1268 4440 eorum
1301 4391 1461 4455 apices
1492 4387 1823 4453 conjunxisse5
1861 4396 2201 4454 proptereaque
2230 4387 2498 4451 cuicunque
2539 4385 2656 4435 adest
