2917 4975
165 469 311 552 285]
964 463 1560 536 EUTHYDEMUS.
2122 519 2130 526 .
2250 475 2372 536 295

165 633 381 704 turbqus
403 648 541 684 sum·
575 639 625 680 et
645 630 725 681 itte
756 647 832 681 me
856 631 1089 681 turbatum
1127 632 1523 691 animadvertens,
1556 633 1816 696 Quoniam,
1853 631 2030 708 inquit,
2066 634 2208 683 vultis
2239 635 2368 701 qupd

167 727 298 761 nunc
319 722 413 770 est,
451 729 548 762 non
572 713 775 778 amptius
793 729 929 763 esse·
963 712 1124 771 vultis,
1155 715 1431 772 utvidetur,
1465 715 1593 763 hune
1616 714 1821 764 interire.
1886 714 1955 764 At
1975 732 2085 764 vero
2105 731 2246 781 quam
2269 717 2377 766 cari·

165 793 378 842 habendi
397 805 511 843 sunt
529 793 671 859 hujus
694 795 877 859 generis
897 794 972 842 vel
1005 794 1145 843 amici
1174 795 1251 843 vel
1275 803 1524 853 amatores,
1556 796 1640 859 qui
1662 803 1843 846 amatos
1881 797 2009 845 omni
2041 812 2152 846 eura
2172 798 2371 862 perdere

166 874 380 924 student.
447 874 569 924 Hac
607 876 804 924 audiens
837 874 1110 939 Ctesippus,
1141 875 1285 923 amati
1315 877 1465 939 gratia
1488 877 1687 940 graviter
1723 877 1864 926 tulit:
1897 885 1949 926 et
1986 877 2279 942 indignatus,
2322 878 2371 926 0

170 952 381 1020 Hospes,
402 956 581 1021 inquit,
598 955 792 1021 Thurie,
812 955 905 1004 nisi
926 956 1056 1005 dictu
1080 956 1297 1005 rusticius
1315 966 1455 1015 esset,
1470 957 1689 1006 dixissem
1711 958 1877 1023 utique
1889 959 1974 1007 tibi
1992 958 2045 1006 in
2059 967 2224 1023 eaput,
2239 960 2372 1024 quod

168 1035 391 1084 adsersus
414 1053 488 1085 me
510 1044 560 1086 et
578 1037 698 1085 aiios
717 1036 925 1085 mentiris
961 1037 1052 1085 hae
1085 1037 1135 1085 in
1166 1051 1235 1094 re.
1269 1052 1409 1102 quam
1448 1039 1522 1087 vel
1545 1039 1678 1086 dictu
1715 1039 1937 1088 nefariam
1959 1041 2103 1097 duco,
2125 1040 2255 1103 quod
2279 1055 2371 1105 ego

167 1117 293 1166 hune
316 1118 469 1183 perire
502 1118 657 1167 veiim.
721 1117 816 1167 Hie
839 1118 1172 1182 Euthydemus
1209 1120 1271 1167 ad
1291 1119 1576 1183 Ctesippum
1612 1134 1863 1168 conversus
1886 1120 1970 1177 ait,
1992 1121 2258 1170 videturne
2280 1122 2371 1171 tibi

167 1196 266 1245 fieri
290 1214 452 1262 posse,
472 1207 525 1247 ut
546 1198 716 1262 aliquis
735 1196 1026 1245 mentiatur?
1092 1196 1187 1246 Per
1206 1198 1396 1260 Jovem,
1419 1198 1597 1261 inquit,
1619 1198 1709 1246 nisi
1733 1199 1852 1246 sorte
1872 1199 2076 1251 insanio.
2139 1201 2236 1258 Qui
2258 1218 2373 1250 vero

167 1278 416 1342 mentitur,
432 1287 587 1327 utrum
609 1279 705 1327 ne‘m
729 1278 878 1341 ipsam
900 1278 963 1325 de
985 1291 1078 1340 qua
1100 1292 1252 1325 sermo
1271 1284 1345 1326 est
1362 1276 1500 1334 dicit,
1522 1291 1582 1325 an
1600 1292 1697 1325 non
1717 1277 1870 1327 dicit?
1936 1278 2187 1336 Dicit‚ait.
2222 1281 2371 1347 [284]

169 1358 219 1406 Si
256 1373 354 1408 rem
395 1361 546 1425 ipsam
588 1359 725 1416 dicit,
759 1359 887 1407 haud
925 1358 1058 1408 aliud
1095 1357 1348 1422 quicquam
1386 1357 1506 1406 dicit
1539 1363 1707 1422 proter
1724 1358 1773 1406 id
1798 1358 1929 1422 quod
1952 1359 2086 1409 dicit.
2151 1363 2373 1419 Quonam

166 1447 310 1503 pacto
343 1441 483 1490 aliter
519 1441 622 1489 fieri
655 1440 852 1504 posset?
900 1439 1157 1504 Ctesippus
1188 1439 1274 1489 ait.
1340 1437 1577 1501 Nunquid
1615 1453 1712 1486 una
1754 1438 1972 1502 quiedam
2003 1455 2076 1488 res
2108 1448 2197 1495 est.
2229 1455 2371 1504 quam

168 1519 307 1583 dicit,
329 1522 393 1570 ab
415 1520 522 1568 aliis
545 1520 766 1568 diversa?
834 1519 1045 1569 Prorsus.
1109 1519 1287 1567 Nonne
1307 1519 1390 1581 qui
1410 1518 1539 1566 illam
1556 1518 1692 1576 dicit,
1714 1518 1761 1566 id
1784 1519 1914 1582 quod
1931 1527 2005 1567 est
2026 1520 2233 1587 prefert?
2280 1521 2381 1573 Ita.·

164 1599 430 1650 Enimvero
472 1600 743 1665 quicunque
784 1600 913 1665 quod
957 1609 1029 1649 est
1070 1614 1237 1665 quasve
1279 1606 1391 1648 sunt
1430 1598 1567 1657 dicit,
1608 1613 1718 1647 vera
1754 1599 1978 1663 loquitur.
2058 1600 2376 1657 Quamobrem

167 1678 562 1745 Dionysodorus,
595 1679 637 1727 si
674 1694 780 1743 quae
816 1687 926 1727 sunt
965 1679 1100 1737 dicit,
1143 1692 1254 1727 vera
1297 1679 1543 1744 predicat,
1584 1693 1740 1743 neque
1777 1679 2031 1745 quiequam
2075 1682 2296 1731 adversus
2330 1691 2379 1732 te

170 1760 418 1810 mentitur.
488 1760 581 1817 Ita,
602 1758 759 1823 inquit
780 1759 1056 1825 Ctesippus.
1121 1760 1299 1809 Verum
1335 1760 1418 1826 qui
1438 1760 1543 1811 hnc
1563 1760 1786 1825 loquitur,
1808 1775 1839 1809 o
1860 1760 2182 1825 Euthydeme,
2204 1778 2299 1811 non
2319 1779 2379 1813 ea

169 1854 277 1905 quse
317 1847 431 1888 sunt
468 1838 604 1889 dicit.
670 1839 751 1888 Ad
786 1855 926 1905 quem
962 1839 1327 1907 Euthydemus:
1362 1839 1478 1888 Non
1515 1840 1765 1892 existentia
1801 1856 1896 1889 non
1925 1843 2072 1891 sunt?
2140 1843 2268 1902 Non,
2291 1845 2379 1905 ait,

169 1920 423 1986 Nusquam
459 1936 590 1988 vero,
625 1936 732 1986 quae
769 1938 867 1970 nou
906 1930 1034 1980 sunt,
1069 1921 1315 1971 existentia
1353 1922 1500 1970 sunt?
1564 1921 1829 1988 Nusquam.
1893 1921 2079 1972 Fierine
2113 1931 2288 1988 potest,
2322 1933 2377 1974 ut

168 2000 342 2066 aliquis
362 2001 486 2051 eirca
507 2017 583 2059 ea,
605 2018 712 2074 qqae
735 2017 829 2050 non
853 2011 980 2060 sunt,
1003 2002 1257 2067 quiequam
1290 2010 1418 2066 agat,
1439 2010 1495 2050 ut
1513 2002 1595 2051 itta
1628 2003 1777 2052 saciat
1795 2001 1969 2067 aliquis
1990 2003 2241 2053 existentia
2260 2021 2377 2054 nus-

174 2083 354 2146 quam?
421 2080 735 2146 Nequaquam
759 2081 871 2131 mihi
893 2084 1095 2141 videtur,
1120 2082 1378 2147 Ctesippus
1398 2083 1484 2132 ait.
1552 2083 1675 2132 Cum
1696 2084 1901 2132 rhetores
1922 2084 1983 2131 ad
2006 2085 2237 2149 populum
2259 2100 2377 2159 corg-

173 2162 441 2221 donantur,
462 2163 643 2212 nihilne
666 2164 851 2228 agunt?
919 2164 1084 2228 Agunt
1113 2164 1310 2229 aliquid.
1379 2163 1432 2212 Si
1465 2171 1630 2227 agunt,
1652 2180 1764 2227 ergo
1785 2159 1835 2212 et
1857 2164 2077 2213 faciunt?
2139 2165 2376 2229 Sequiturz

172 2241 299 2307 Ergo
335 2246 493 2308 ipsum
528 2245 702 2302 dicere,
736 2259 874 2308 agere
897 2254 970 2292 est
992 2252 1042 2292 et
1064 2245 1233 2293 facere.
1300 2244 1574 2294 consensit.
1636 2243 1812 2291 nunus
1830 2245 1978 2307 igitur
2009 2257 2106 2291 non
2128 2246 2378 2295 existentia

174 2322 294 2372 dicit
314 2342 327 2372 ι
362 2325 540 2373 faceret
561 2338 766 2387 namque
788 2324 985 2386 aiiquid.
1023 2332 1071 2371 tu
1095 2339 1204 2372 vero
1227 2323 1472 2372 confessus
1491 2339 1542 2371 es
1563 2322 1855 2386 impossibiie
1876 2338 1996 2385 esse,
2010 2331 2066 2370 ιιι
2086 2324 2259 2388 aliquis
2278 2341 2379 2375 non

171 2403 422 2452 existentia
459 2403 618 2451 faciat.
683 2403 986 2467 Quapropter
1020 2403 1279 2451 secundum
1324 2403 1584 2450 orationem
1630 2409 1757 2450 tuam
1796 2401 1915 2449 salsa
1958 2401 2116 2450 nulius
2157 2402 2379 2468 ioquitun

172 2482 319 2533 immo
335 2499 448 2533 vero
462 2483 499 2531 si
520 2482 727 2548 loquitur
743 2482 1133 2549 Dionysodorus,
1154 2498 1262 2533 vera
1276 2494 1326 2532 et
1340 2482 1589 2532 existentia
1606 2481 1835 2548 ioquitur.x
1860 2481 1940 2532 stc
1953 2490 2042 2540 est,
2057 2481 2378 2549 Euthydeme,

168 2564 431 2628 Ctesippus
448 2564 529 2611 ait.
550 2578 659 2611 nam
676 2563 921 2612 existentia
939 2564 1129 2628 quidem
1144 2564 1496 2628 quodammodo
1511 2564 1649 2622 dicit,
1668 2579 1763 2613 uon
1780 2572 1936 2613 tamen
1953 2565 2021 2613 ita
2034 2572 2088 2612 ut
2109 2581 2161 2614 ae
2181 2566 2374 2625 habent,

169 2644 305 2695 dicit.
357 2644 457 2702 Qui
478 2658 587 2691 vero
609 2643 729 2692 istuc
751 2644 838 2701 ais,
863 2642 1132 2709 Ctesippe?
1164 2643 1527 2709 Dionysodorus
1546 2642 1722 2710 inquit.
1754 2646 1954 2705 Suntne,
1978 2647 2060 2711 qui
2082 2662 2154 2696 res
2175 2648 2300 2711 ipsas
2321 2655 2376 2697 ιιι

169 2723 349 2774 habent
372 2741 422 2773 se
447 2725 647 2774 dicant?
713 2725 835 2773 Sunt
866 2731 1010 2782 certe,
1046 2725 1288 2790 respondit
1320 2725 1422 2784 itte,
1458 2726 1543 2774 viri
1570 2726 1699 2783 boni,
1737 2727 1945 2791 praeclari
1983 2735 2127 2792 atque
2164 2728 2379 2778 veridici·

174 2805 304 2862 Quid
332 2806 509 2870 porro?
542 2805 844 2871 interrogavit
881 2806 1015 2865 aiter,
1049 2807 1174 2856 bona
1207 2822 1367 2856 noune
1399 2808 1522 2856 bene
1556 2823 1609 2856 se
1641 2807 1856 2855 habent?
1889 2808 2010 2856 maia
2030 2815 2194 2857 eontra
2215 2809 2371 2858 maie?

171 2881 413 2935 Probavit.
477 2886 640 2935 Bonos
662 2896 818 2936 autem
839 2896 889 2936 et
909 2888 1154 2952 preclaros
1177 2890 1391 2936 homines
1421 2888 1659 2937 confiteris
1680 2903 1752 2936 res
1771 2888 1898 2951 ipsas
1931 2889 2015 2945 sic,
2037 2896 2091 2935 ιιι
2110 2904 2160 2936 se
2182 2890 2377 2947 habent,

172 2964 374 3030 eloqui?
439 2967 697 3017 Confiteor.
763 2967 888 3031 Ergo
925 2967 1037 3015 boni
1058 2967 1163 3024 viri,
1198 2983 1227 3014 o
1249 2968 1501 3030 Ctesippe,
1536 2967 1658 3015 maie
1691 2966 1813 3013 maia
1833 2968 2018 3028 dieunt,
2039 2967 2288 3029 siquidem,
2324 2976 2381 3019 ιιι

173 3053 301 3102 sunt,
324 3048 598 3098 enuntiant.
666 3048 878 3095 Maxime
901 3062 985 3110 per
1004 3046 1193 3104 sorem,
1214 3054 1264 3095 et
1287 3048 1434 3094 maios
1455 3046 1669 3094 homines
1702 3046 1821 3093 male
1840 3061 1855 3092 ι
1887 3060 1944 3101 ex
1966 3058 2163 3107 quorum
2188 3061 2380 3095 numero

174 3139 235 3173 ne
276 3127 359 3184 sis,
396 3128 502 3192 ipse
536 3127 747 3184 cavebis,
786 3126 825 3173 si
861 3125 977 3172 mihi
1017 3125 1198 3183 credes,
1236 3140 1297 3173 ne
1332 3125 1445 3172 boni
1480 3124 1568 3171 viri
1604 3124 1727 3172 male
1758 3125 1820 3172 de
1842 3131 1891 3172 te
1911 3122 2177 3188 ioquantur.
2240 3124 2379 3174 Tune

174 3203 508 3273 Euthydemus
529 3206 725 3270 adjecit,
747 3204 981 3269 Nunquid
1007 3203 1076 3251 iiii
1096 3211 1146 3251 et
1167 3218 1360 3265 magnos
1383 3218 1553 3269 magne
1569 3210 1620 3251 et
1634 3202 1813 3252 calidos
1829 3202 2022 3252 calide?
2055 3203 2381 3269 Summopere,

66 3326 70 3331 .
171 3285 426 3351 respondit
459 3286 731 3349 Ctesippus.
764 3292 816 3333 et
847 3283 1042 3347 frigidos
1075 3283 1244 3347 frigide
1274 3284 1458 3341 dicunt,
1496 3284 1724 3348 aiuntque
1745 3283 1968 3333 disserere
1988 3283 2176 3348 frigide.
2240 3286 2377 3337 Tuae

169 3363 562 3429 Dionysodorus,
578 3364 877 3422 Convifiarb,
897 3364 1141 3429 Ctesippe‚
1159 3364 1245 3423 ait,
1259 3364 1555 3414 convitiaris.
1572 3364 1686 3414 Non
1705 3362 1790 3429 per
1802 3365 1993 3428 Jovem,
2009 3364 2345 3431 Dionysodore
2361 3384 2377 3417 ι

169 3460 283 3494 nam
305 3453 358 3510 te
379 3444 546 3509 diligo,
565 3444 709 3493 immo
729 3460 841 3494 vero
862 3446 1012 3496 amice
1035 3454 1083 3494 te
1117 3462 1306 3503 moneo,
1340 3454 1391 3494 et
1423 3447 1705 3510 persuadere
1735 3447 1994 3505 contendo,
2027 3460 2267 3511 nunquam
2300 3464 2378 3499 me

172 3539 333 3573 coram
377 3540 525 3590 usque
563 3526 685 3574 adeo
725 3526 953 3583 mordere,
986 3535 1040 3575 ιιι
1073 3525 1222 3591 [286]
1256 3523 1387 3574 dicas
1417 3527 1543 3576 velie
1575 3542 1652 3576 me
1686 3527 1774 3575 hos
1806 3528 1957 3592 perdi,
1980 3542 2099 3593 quos
2118 3528 2381 3579 carissimos

172 3602 346 3656 habeo.
379 3604 485 3669 Ego
509 3614 668 3653 autem
688 3620 796 3654 eum
821 3605 927 3654 ilios
946 3605 1111 3654 irritari
1125 3605 1228 3669 jam
1249 3606 1452 3655 iuvieern
1475 3607 1643 3656 acriter
1662 3608 1985 3672 persentimus,
2007 3624 2117 3658 eum¹
2147 3609 2380 3675 Ctesippo

167 3680 360 3743 jocatus
380 3685 592 3749 inquam,
615 3685 772 3735 Decet
791 3701 894 3748 nos,
917 3688 1163 3751 Ctesippe‚
1195 3694 1250 3734 ut
1273 3686 1387 3735 mihi
1411 3688 1611 3746 videtur,
1633 3689 1694 3736 ab
1732 3689 1804 3736 his
1822 3688 2088 3753 hospitibus
2119 3704 2227 3754 qum
2260 3692 2379 3743 daut

172 3764 405 3829 accipere,
428 3766 468 3813 si
491 3764 632 3813 modo
653 3766 890 3830 impartire
922 3768 1173 3830 quicquam
1211 3768 1376 3824 veiint,
1398 3784 1556 3832 neque
1587 3769 1855 3818 nominibus
1886 3769 2116 3820 altercari.
2179 3770 2304 3821 Nam
2338 3773 2379 3827 si

172 3841 236 3892 ita
283 3847 479 3910 perdere
523 3846 678 3894 sciunt
718 3846 949 3903 homines,
991 3855 1047 3894 ut
1081 3863 1111 3895 e
1150 3846 1285 3895 maiis
1321 3855 1371 3896 et
1408 3849 1788 3913 imprudentibus
1824 3851 1997 3914 probos
2030 3848 2378 3918 prudentesque

177 3923 397 3984 efficiant,
421 3928 523 3976 sive
545 3925 638 3991 ipsi
661 3926 938 3990 perditionis
957 3927 1063 3974 talis
1085 3927 1352 3976 inventores
1386 3929 1647 3987 extiterint,
1668 3946 1753 3978 seu
1775 3930 1836 3978 ab
1858 3930 1953 3978 alio
1971 3933 2176 3995 quodam
2198 3933 2378 3985 didice-

179 4004 289 4069 rint,
309 4017 364 4057 ιιι
385 4024 473 4073 pro
496 4006 621 4055 malo
643 4006 836 4056 homine
870 4009 1045 4056 bonum
1070 4008 1353 4057 restituant:
1387 4017 1525 4074 patet
1544 4018 1703 4059 autem
1722 4025 1808 4059 eos
1826 4010 1978 4060 sciret
2013 4011 2231 4063 dixerunt
2250 4015 2377 4063 enim

185 4094 324 4136 artem
346 4104 503 4154 nuper
522 4088 613 4138 sibi
634 4098 941 4154 compertam,
973 4105 1068 4154 qua
1090 4090 1242 4138 bonos
1262 4106 1321 4138 ex
1342 4090 1478 4138 maiis
1497 4091 1710 4140 immines
1731 4090 1941 4141 faciant:
1975 4091 2017 4140 si
2034 4093 2146 4156 hoc,
2165 4094 2378 4158 inquam,

182 4166 371 4217 sciunt·
355 4170 725 4234 ,permittamus
748 4170 933 4234 utique,
963 4178 1020 4218 nt
1037 4171 1107 4220 sie
1129 4170 1536 4220 adolescentulum
1565 4173 1784 4236 perdant,
1802 4173 1947 4221 modo
1965 4172 2171 4221 efficiant
2188 4172 2377 4235 sapien-

185 4251 308 4296 tem:
344 4252 489 4299 immo
526 4249 669 4298 etiam
705 4265 795 4298 nos
829 4251 960 4314 ipsos
996 4250 1088 4300 iliis
1121 4251 1188 4300 ita
1225 4253 1461 4301 curandos
1496 4253 1751 4303 tradamus.
1815 4253 1961 4311 Quod
1998 4251 2037 4298 si
2067 4265 2151 4297 sos
2164 4249 2378 4311 juniores

185 4325 508 4388 reformidatis,
532 4346 622 4396 ego
643 4338 791 4389 certe,
813 4332 944 4381 velut
962 4333 1274 4383 homunculus
1296 4334 1491 4399 quidam
1511 4349 1569 4383 ex
1598 4334 1756 4391 Caria,
1784 4331 2034 4381 discrimen
2056 4328 2148 4373 boc
2169 4327 2380 4380 subeam,

187 4402 326 4459 'evius
347 4411 548 4460 enimin
581 4427 676 4470 me,
708 4420 877 4477 utpote
909 4414 1112 4470 senium,
1143 4413 1413 4464 discrimen.
1447 4430 1527 4463 me
1557 4414 1700 4478 igitur
1731 4402 2202 4474 Dionysodoro-huic
2234 4405 2383 4470 dedo,

186 4491 312 4548 quasi
334 4490 526 4543 Medeai
549 4509 607 4543 ex
632 4493 842 4554 Colchis,
866 4502 918 4543 ut
939 4511 1014 4546 me
1045 4494 1289 4554 dissolvat,
1321 4504 1373 4545 et
1407 4495 1448 4543 si
1470 4492 1586 4544 velit
1603 4493 1764 4550 elixo,
1785 4490 1859 4539 vel
1894 4484 2213 4550 quodcunque
2245 4482 2376 4537 'stud
