2917 4975
521 425 644 492 294
1430 417 1834 482 PLA‘roms
2068 481 2079 494 ,
2577 423 2731 501 [282

526 577 754 628 scelerum
771 575 1076 641 suppeditare
1097 582 1325 640 possunt:
1359 573 1432 622 sin
1454 581 1612 623 autern
1636 571 1962 638 prudentia-et
1980 570 2216 637 sapientia
2237 571 2311 623 bis
2332 571 2605 636 pne-idest,
2628 580 2733 623 tum

521 658 733 723 denique
755 656 960 708 meliora.
993 655 1098 721 ipsa
1119 671 1227 706 vero
1250 662 1420 719 suapte
1441 662 1608 702 natura
1630 669 1719 703 nec
1743 654 1869 701 bona
1888 660 2000 700 sunt
2021 667 2111 701 nec
2132 652 2257 700 mala
2271 652 2624 704 existimatione
2646 655 2735 703 ali·

526 754 623 802 qua
642 739 801 801 digna.
865 736 1084 793 Videtur,
1108 736 1279 801 inquit,
1304 737 1368 783 ita
1389 751 1510 791 esse,
1544 741 1599 783 ut
1628 734 1764 782 dicis.
1829 732 1963 791 Quid
1988 733 2138 793 aliud,
2161 733 2373 798 inquam,
2395 750 2453 781 ex
2474 735 2734 783 antedictis

521 818 837 881 concluditur,
856 833 997 882 quam
1020 816 1198 866 nullum
1222 817 1416 865 aliorum
1449 816 1625 864 bonum
1660 830 1764 863 esse
1798 813 1874 863 vel
1906 814 2116 863 malum?
2150 830 2178 861 e
2200 814 2388 862 duobus
2420 822 2580 862 autem
2616 815 2733 878 ipsis

517 898 801 963 sapientiam
842 899 1034 962 quidem
1078 899 1271 955 bonum,
1313 896 1634 961 insipientiam
1678 910 1789 944 vcro
1833 894 2043 954 malum?
2112 892 2353 945 Probas-it.
2396 893 2547 958 [282]
2602 895 2731 953 Qun

515 986 786 1043 sequuntur
818 978 1012 1043 insuper
1045 979 1413 1029 consideremus.
1481 977 1740 1040 Postquam
1778 974 1906 1024 beati
1943 991 2045 1024 esse
2075 975 2351 1024 affectamus
2379 991 2565 1031 omnes.
2603 976 2733 1024 beati

521 1066 682 1108 autem
703 1059 951 1122 efficimur,
971 1068 1023 1108 ut
1043 1059 1279 1123 apparuit,
1296 1075 1354 1107 ex
1376 1075 1436 1107 eo
1454 1058 1584 1121 quod
1607 1058 1745 1106 rebus
1762 1056 1935 1105 utimur
1945 1067 1996 1104 et
2012 1064 2135 1105 recte
2153 1056 2324 1103 utimur
2343 1073 2358 1104 ε
2394 1056 2730 1105 rectitudinem

511 1154 638 1187 -vero
659 1155 771 1188 usus
792 1147 842 1189 et
862 1140 1210 1190 consecutionis
1234 1139 1588 1203 prosperitatem
1621 1137 1821 1186 scientia
1854 1137 2031 1201 praebet
2052 1155 2063 1184 ι
2097 1137 2264 1186 ceteris
2284 1137 2504 1185 omnibus
2540 1146 2734 1201 pra-ter-

519 1219 676 1268 missis
697 1220 825 1269 omni
847 1221 1004 1270 studio
1026 1219 1118 1269 niti
1135 1220 1332 1285 quisque
1353 1221 1517 1282 debet,
1537 1226 1592 1268 ut
1608 1233 1748 1283 quam
1768 1217 2140 1281 sapientissimus
2168 1217 2269 1265 fiat.
2303 1216 2500 1265 nonne?
2568 1216 2729 1265 Certe.

515 1298 801 1358 Existimare
833 1302 976 1366 igitur
993 1302 1138 1351 debet
1166 1301 1384 1365 quisque,
1405 1301 1497 1348 hoc
1531 1299 1688 1364 potius
1720 1300 2039 1363 expetendum
2060 1312 2089 1345 a
2110 1299 2400 1362 parentibus,
2424 1313 2567 1361 quam
2604 1296 2726 1346 mul-

527 1387 680 1429 tarum
702 1381 1008 1446 pecuniarum
1030 1382 1368 1439 hereditatem,
1402 1397 1433 1429 a
1460 1381 1708 1437 tutoribus,
1744 1386 1969 1444 praterea
1989 1386 2039 1427 ct
2059 1378 2221 1427 amicis
2242 1385 2341 1426 tum
2381 1377 2487 1425 aliis
2518 1384 2621 1426 tum
2652 1376 2727 1426 rel

517 1459 728 1512 maxime
747 1463 808 1510 ab
831 1461 924 1511 illis
955 1463 1111 1527 quiin
1144 1477 1302 1511 amore
1334 1460 1623 1509 ardentiores
1654 1476 1757 1509 esse
1790 1476 1839 1508 se
1863 1458 2138 1524 predicant,
2162 1459 2261 1508 sive
2292 1458 2506 1521 hospites
2526 1458 2624 1506 sint
2643 1473 2725 1506 sea

523 1539 686 1588 civesz
720 1557 840 1606 quos
861 1550 1052 1606 oportet
1069 1542 1348 1606 suppliciter
1382 1557 1589 1596 exorare,
1625 1547 1676 1588 ut
1709 1539 1989 1603 sapientiam
2023 1555 2156 1592 suam
2178 1538 2485 1602 ‘impartianu
2553 1538 2724 1603 Neque

521 1627 661 1685 turpe
681 1629 755 1672 est
775 1638 929 1687 neque
951 1623 1311 1678 abhorrendum,
1334 1621 1512 1679 Clinia,
1530 1620 1875 1685 consequenda
1892 1619 2138 1684 sapientiae
2154 1619 2307 1684 gratia
2324 1618 2496 1668 servire
2511 1619 2724 1675 cuilibet,

519 1707 577 1750 et
597 1701 806 1750 honestis
827 1703 1062 1766 obsequiis
1085 1703 1340 1765 unicuique
1364 1718 1538 1750 morem
1561 1716 1737 1766 gerere.
1771 1701 1961 1750 idemne
1983 1708 2031 1749 et
2055 1708 2105 1748 tu
2127 1700 2307 1749 sentis?
2336 1700 2492 1748 .Idem
2516 1700 2726 1748 omnino.

521 1781 674 1843 probe
693 1781 820 1829 enirn
843 1780 975 1845 loqui
1011 1781 1198 1830 videris.
1262 1782 1317 1830 Si
1338 1782 1500 1840 modo,
1532 1782 1742 1845 inquam,
1764 1781 1928 1830 doceri
1958 1781 2192 1845 sapientia
2219 1788 2392 1843 potest,
2413 1796 2571 1844 neque
2602 1780 2721 1828 forte

521 1859 795 1909 hominibus
815 1861 1023 1910 advenit.
1058 1862 1148 1911 boc
1168 1860 1294 1910 euim
1317 1861 1510 1925 insuper
1541 1869 1684 1910 restat
1713 1861 2130 1925 investigandum:
2165 1876 2320 1924 neque
2356 1861 2468 1908 dum
2492 1860 2614 1907 inter
2632 1874 2722 1907 nos

516 1939 578 1990 ‚id
600 1941 829 1991 constitit.
893 1941 1014 1990 Turn
1037 1941 1152 1990 ille:
1188 1941 1362 1991 Doceri
1385 1942 1497 1990 mihi
1531 1942 1723 2006 quidem
1757 1957 1897 2005 posse
1918 1941 2120 1998 videtur,
2142 1959 2170 1989 o
2193 1941 2427 1991 Socrates.
2487 1939 2595 1988 Hac
2627 1954 2721 2001 ego

527 2020 832 2083 responsione
855 2022 1117 2072 delectatus
1134 2023 1342 2087 inquam,
1368 2022 1413 2070 O
1453 2038 1594 2087 quam
1633 2022 1754 2071 belle
1789 2023 2009 2086 loqueris,
2033 2023 2231 2070 virorum
2271 2023 2485 2085 optime:
2510 2020 2722 2068 -maximo

518 2100 732 2165 quodam
757 2118 830 2151 me
853 2103 1084 2153 beneficio
1103 2103 1322 2161 affecisti,
1342 2104 1485 2167 longa
1507 2119 1689 2152 mecum
1707 2102 2011 2167 indagatione
2034 2102 2241 2151 animum
2265 2102 2484 2151 liberans.
2517 2103 2723 2165 ambigo-

527 2180 635 2230 bam
658 2198 789 2242 sane,
813 2193 965 2233 utrum
988 2185 1149 2234 doceri
1170 2192 1329 2249 posset
1350 2200 1503 2235 necne
1524 2181 1774 2249 sapientia.
1828 2183 1876 2232 N
1881 2199 1973 2232 unc
1997 2200 2103 2233 vero
2129 2192 2376 2248 postquam
2397 2183 2485 2231 tibi
2506 2183 2721 2232 doctrina

527 2263 784 2327 comparari
810 2281 946 2328 posse
970 2267 1172 2324 videtur,
1191 2266 1385 2331 solaque
1402 2267 1503 2316 hec
1519 2281 1577 2315 ex
1594 2266 1811 2314 omnibus
1827 2266 2015 2314 beatum
2030 2274 2082 2313 et
2103 2264 2289 2313 felicem
2303 2264 2448 2313 efficit
2466 2263 2722 2322 hominem,

515 2343 752 2420 ¹quidnam
776 2345 906 2395 aliud
929 2347 1098 2396 dixeris
1118 2349 1353 2413 agendum
1374 2364 1503 2400 nunc
1524 2363 1663 2412 quam
1694 2346 2159 2418 philosophandum?
2192 2344 2409 2409 nunquid
2434 2353 2484 2393 et
2503 2346 2611 2409 ipse
2633 2346 2719 2394 hoc

517 2438 666 2495 'agere
682 2427 901 2491 cogitas?
968 2428 1126 2486 Quam
1148 2429 1364 2484 maxime,
1387 2428 1562 2492 inquit,
1584 2427 1681 2475 fieri
1705 2434 1885 2493 potest,
1907 2443 1937 2476 o
1960 2426 2193 2476 Socrates.
2256 2425 2377 2474 Haec
2396 2441 2506 2474 cum
2526 2425 2722 2476 libenter

525 2505 776 2563 audissem,
801 2504 1070 2571 Exemplar,
1090 2509 1302 2573 inquam,
1325 2526 1355 2559 o
1377 2510 1717 2574 Dionysodore
1749 2517 1801 2557 et
1831 2506 2152 2574 Euthydeme,
2188 2507 2549 2563 exhortationis.
2581 2521 2717 2572 quam

528 2592 724 2647 expeto,
758 2586 853 2633 tale
872 2594 964 2647 est,
991 2587 1184 2637 rudibus
1223 2588 1512 2652 prolixisque
1544 2588 1696 2637 verbis
1726 2588 1803 2635 vix
1836 2602 1866 2636 a
1899 2603 1974 2635 me
2007 2595 2354 2653 coaggeratum.
2421 2588 2544 2637 Uter
2563 2597 2716 2636 autem

525 2670 728 2710 vestrum
753 2664 947 2724 mavult,
970 2666 1095 2715 idem
1118 2668 1208 2716 boc
1244 2668 1499 2716 artificiose
1519 2677 1777 2717 contexens
1814 2670 1951 2718 nobis
1983 2670 2203 2718 ostendat
2220 2686 2236 2718 z
2268 2668 2307 2716 si
2326 2669 2421 2717 hoc
2442 2683 2542 2717 non
2562 2668 2720 2730 vultis,

524 2740 687 2790 saltem
710 2745 838 2807 quod
862 2744 1064 2796 orationi
1083 2764 1201 2796 meae
1220 2748 1373 2807 deest,
1396 2748 1624 2812 deinceps
1644 2748 1997 2798 adolescentulo
2011 2750 2345 2806 demonstrate,
2361 2756 2515 2796 utrum
2533 2765 2719 2798 necesse

525 2822 588 2870 sit
609 2839 796 2873 omnem
816 2825 1061 2876 scientiam
1083 2828 1303 2893 adipisci,
1323 2828 1398 2876 vel
1422 2844 1517 2877 una
1536 2830 1752 2893 quedam
1786 2830 1946 2893 potius
1967 2829 2163 2878 scientia
2184 2829 2263 2894 sit,
2284 2844 2429 2893 quam
2450 2845 2717 2893 comparare

522 2902 685 2964 debet,
706 2907 918 2972 quisquis
939 2908 1007 2956 vir
1029 2910 1181 2958 bonus
1202 2917 1276 2958 est
1294 2911 1553 2974 beatusque
1576 2910 1758 2958 futurus
1780 2928 1793 2959 :
1828 2925 1993 2974 quante
2018 2912 2117 2960 luaec
2147 2910 2345 2959 scientia
2364 2910 2445 2966 sit.
2466 2910 2715 2961 declarata.

520 2998 632 3035 nam
654 2995 707 3036 ut
727 2988 775 3036 in
799 2989 1031 3055 principio
1067 2989 1401 3055 disputationis
1421 2989 1538 3047 dixi,
1575 2991 1876 3039 vehementer
1897 2992 2214 3039 desideramus
2237 2991 2365 3039 hunc
2387 2991 2715 3040 adolescentu-

522 3064 620 3115 lum
644 3068 907 3135 sapientem
929 3072 1199 3136 bonumque
1219 3071 1435 3121 evadere.
1473 3069 1620 3136 [28³]
1653 3071 1773 3119 Haec
1796 3070 2016 3135 equidem
2040 3081 2153 3121 tunc
2176 3071 2321 3128 edixi.
2343 3088 2373 3120 o
2398 3073 2552 3134 Crito,
2571 3089 2628 3122 ac
2645 3088 2715 3120 me

524 3149 585 3198 ad
621 3152 866 3215 sequentia
903 3153 1165 3202 attentione
1203 3152 1348 3202 animi
1385 3152 1660 3218 properavi,
1702 3152 2028 3202 observaturus
2071 3152 2212 3217 quale
2246 3152 2441 3202 dicendi
2476 3155 2714 3203 exordium

521 3228 751 3290 facerent,
772 3249 923 3296 quave
947 3234 1238 3297 potissimum
1260 3233 1441 3282 ratione
1465 3234 1668 3284 Cliniam
1692 3234 1754 3281 ad
1787 3233 2029 3297 sapientias
2050 3240 2102 3281 et
2124 3232 2302 3281 virtutis
2322 3234 2534 3282 studium
2557 3235 2715 3283 exhor·

513 3316 746 3367 tutentur.
811 3312 980 3361 Statim
1004 3330 1113 3363 vero
1135 3315 1218 3378 qui
1239 3323 1353 3362 natu
1375 3315 1596 3378 grandior
1626 3323 1720 3376 est,
1753 3314 2137 3379 Dionysodorus,
2171 3314 2345 3377 primus
2376 3315 2511 3363 effari
2542 3315 2714 3380 coepit:

518 3387 572 3437 in
605 3403 745 3452 quem
785 3407 873 3440 nos
906 3393 1069 3442 oculos
1104 3409 1267 3441 omnes
1302 3395 1637 3453 convertimus,
1669 3403 1893 3460 tanquam
1926 3394 2167 3444 mirificam
2188 3397 2425 3460 quandam
2458 3397 2713 3446 orationem

522 3466 733 3531 protinus
756 3470 961 3519 audituri
981 3490 993 3519 ε
1026 3474 1156 3537 quod
1178 3481 1228 3522 et
1247 3472 1384 3520 nobis
1405 3473 1622 3537 contigit.
1687 3475 1864 3523 Mirum
1888 3489 2092 3539 namque
2112 3490 2371 3523 sermonem
2389 3474 2666 3539 inceptavit,
2682 3491 2715 3523 o

522 3546 672 3605 Crito,
693 3550 775 3612 qui
796 3565 909 3599 sane
946 3552 1115 3616 dignus
1136 3560 1209 3600 est
1230 3551 1314 3616 qui
1350 3552 1435 3601 abs
1474 3560 1521 3601 te
1558 3554 1796 3617 audiatur,
1830 3546 1971 3620 qua'm
2010 3555 2133 3603 belle
2155 3562 2377 3620 provocet
2397 3557 2461 3604 ad
2485 3557 2714 3607 virtutem-

520 3627 617 3677 Dic
640 3629 771 3688 mihi,
792 3631 878 3693 ait,
899 3648 928 3679 o
949 3631 1183 3696 Socrates,
1203 3647 1382 3696 vosque
1402 3633 1502 3691 alii,
1524 3635 1797 3699 quicunque
1819 3637 2165 3685 adolescentem
2180 3636 2321 3685 istum
2334 3636 2433 3685 fieri
2454 3636 2711 3702 sapientes:

518 3710 710 3771 curatis,
730 3721 883 3760 utrum
898 3710 1151 3778 jocamini,
1182 3729 1242 3762 an
1264 3714 1384 3762 serio
1416 3714 1578 3764 dicitis
1610 3722 1755 3780 atque
1788 3716 1836 3765 id
1870 3733 1919 3766 re
1952 3732 2061 3765 vera
2081 3717 2376 3767 desideratis.
2445 3717 2551 3783 Ego
2571 3718 2712 3783 igitur

521 3790 768 3840 arbitratus
787 3792 896 3841 illos
919 3800 1106 3857 putasse
1128 3810 1215 3843 nos
1254 3795 1313 3843 ab
1344 3794 1484 3844 initio
1519 3812 1677 3845 secum
1714 3797 1857 3846 fuisse
1882 3797 2093 3862 jocatos,
2122 3814 2230 3847 cum
2245 3788 2474 3863 jussimus
2506 3813 2589 3847 eos
2606 3813 2712 3847 cum

520 3870 875 3921 adolescentulo
896 3874 1155 3940 disputare,
1176 3885 1319 3942 atque
1339 3876 1511 3926 iccirco
1533 3878 1698 3926 lusisse
1718 3885 1769 3926 et
1782 3879 1888 3927 illos
1909 3878 2151 3929 nobiscum
2168 3879 2395 3928 hactenus
2416 3895 2574 3943 neque
2605 3879 2722 3927 seria

518 3951 808 4010 tractavisse,
830 3956 1077 4006 confestim
1108 3957 1208 4007 dixi
1230 3973 1371 4022 quam
1394 3957 1594 4007 maxime
1615 3974 1702 4006 nos
1734 3966 1784 4007 et
1805 3957 2143 4008 studiosissime
2177 3967 2418 4023 exoptare.
2482 3959 2621 4009 Tunc
2651 3958 2718 4007 ita

518 4028 916 4094 Dionysodorus:
954 4036 1097 4094 Vide,
1132 4055 1162 4087 o
1197 4039 1431 4096 Socrates,
1470 4055 1531 4087 ne
1568 4054 1673 4103 qum
1712 4054 1839 4087 nunc
1873 4038 2037 4088 asseris
2074 4039 2331 4105 aliquando
2360 4055 2522 4104 neges.
2588 4040 2717 4097 Scio,

517 4126 760 4175 nunquam
784 4128 860 4162 me
878 4124 1171 4179 negaturum.
1238 4118 1371 4175 Quid
1396 4120 1561 4185 utique
1580 4119 1756 4177 dicitis,
1777 4119 1966 4183 iuquit?
2016 4120 2219 4169 vultisne
2239 4120 2393 4187 ipsum
2410 4119 2513 4168 fieri
2528 4122 2718 4186 sapien·

519 4192 651 4242 tem?
716 4193 984 4260 Volumus;
1016 4197 1219 4261 quidni?
1287 4198 1455 4247 Utrum
1495 4200 1681 4265 sapiens
1720 4216 1848 4250 nunc
1878 4209 1952 4249 est
1987 4200 2186 4265 Clinias,
2205 4217 2266 4250 an
2288 4201 2424 4250 non?
2488 4200 2716 4253 Nondum

518 4274 602 4331 ait,
626 4274 836 4339 inquam.
868 4285 942 4327 est
960 4279 1086 4328 enim
1109 4279 1297 4328 minime
1313 4279 1654 4345 jactabundus.
1722 4282 1824 4330 Vos
1846 4289 2021 4339 autem,
2057 4281 2228 4348 inquit,
2260 4283 2591 4346 sapientemne
2620 4281 2721 4331 fieri

525 4355 684 4414 vultis,
720 4358 1014 4421 ignorantem
1037 4375 1147 4408 vero
1167 4376 1268 4409 esse
1291 4362 1623 4425 nequaquam?
1691 4361 1998 4412 Admisimus.
2062 4363 2189 4428 Ergo
2226 4346 2355 4428 quod
2378 4378 2475 4410 non
2498 4371 2591 4423 est,
2624 4362 2722 4412 fieri

518 4433 672 4495 ipsum
709 4439 913 4503 cupitisz
946 4441 1075 4506 quod
1113 4457 1220 4492 vero
1259 4458 1385 4493 nunc
1419 4450 1510 4502 est,
1544 4443 1671 4493 haud
1708 4444 1910 4509 amplius
1939 4460 2059 4496 esse.
2126 4444 2272 4501 Quod
2293 4459 2440 4508 quum
2462 4444 2718 4499 audissem,
