2917 4975
494 466 614 526 238
1400 455 1808 519 PLA2r0N1s
2547 458 2702 539 [153

494 620 628 669 tione
650 617 771 665 fiunt
790 612 967 673 omnia,
986 612 1221 680 quoe‘esss
1239 612 1460 671 dicimus,
1484 627 1580 662 non
1619 620 1745 664 recte
1767 609 2146 663 denominantes.
2211 609 2347 660 Nihil
2370 611 2496 661 enim
2519 621 2593 662 est
2609 630 2704 664 un-

497 714 659 763 qusm.
689 712 874 760 semper
907 703 1065 745 autem
1088 695 1159 743 fit.
1222 693 1288 744 Et
1306 694 1356 743 in
1378 696 1471 743 hoc
1493 708 1655 744 omnes
1677 711 1762 760 per
1779 693 1992 743 ordinem
2014 693 2274 757 sepientes,
2289 700 2491 757 excepto
2507 692 2706 751 Penne-

497 780 631 837 uide,
647 784 1002 834 consenserunt,
1022 775 1320 841 Protagoras,
1354 774 1646 832 Heraclitus,
1670 775 2020 839 Empedocles3
2052 781 2103 822 et
2139 783 2383 838 poetarum
2416 774 2465 822 in
2498 782 2704 840 utroque

498 867 718 926 poemate
736 858 924 916 summi,
941 859 989 906 in
1009 857 1242 907 comedin
1257 856 1584 921 Epicharmus,
1600 855 1833 904 Homerus
1849 854 1898 904 in
1923 853 2165 918 tmgtodis.
2198 869 2308 903 nam
2323 869 2433 903 cum
2451 854 2701 905 Oceanum

498 940 683 989 diceret
716 939 913 987 deorum
948 938 1297 1002 generationem
1331 943 1383 985 et
1412 942 1606 983 matrem
1637 935 1844 993 Tethim,
1879 934 2039 983 omnis
2060 951 2120 984 ex
2137 933 2267 984 fl-1u
2291 942 2519 1000 motuque
2540 937 2704 1001 genita

499 1019 791 1085 prredicavit.
824 1034 886 1067 nu
909 1034 1005 1067 non
1034 1019 1085 1067 id
1111 1017 1312 1081 proferre
1334 1017 1561 1066 ridetur?
1624 1017 1759 1066 Τιιι.
1791 1017 1916 1065 Mihi
1941 1032 2068 1066 vero.
2133 1016 2223 1064 So.
2258 1016 2381 1074 Quis
2398 1031 2512 1081 ergo
2534 1019 2698 1067 sdver-

496 1118 577 1152 sus
598 1108 778 1149 tantum
813 1098 962 1165 [1⁵3]
996 1098 1248 1148 exercitum
1285 1097 1484 1162 ejusque
1512 1097 1683 1146 ducem
1721 1095 1979 1147 Homerum
1999 1112 2209 1161 pugnare
2227 1096 2419 1152 audeat,
2442 1098 2557 1162 quin
2581 1097 2696 1146 ridi·

494 1183 633 1233 culus
666 1181 927 1230 habentur?
992 1179 1124 1230 Τιιι.
1170 1177 1385 1227 Arduum
1423 1186 1513 1237 est,
1543 1194 1574 1227 0
1607 1179 1841 1227 Socrates.
1920 1178 2006 1226 80.
2058 1174 2276 1226 Arduum
2310 1179 2492 1242 absque
2526 1178 2698 1237 dubio,

495 1263 769 1323 Tbeaetete3
801 1262 1055 1326 prasertim
1073 1276 1179 1310 cum
1201 1260 1292 1308 ista
1314 1259 1425 1308 huic
1446 1261 1647 1308 sermoni
1671 1266 1946 1325 argumento
1966 1275 2070 1308 esse
2086 1260 2285 1324 possint,
2299 1274 2406 1324 queo
2427 1259 2575 1308 videri
2593 1276 2697 1309 esse

497 1353 643 1408 utque
656 1357 759 1392 esse
780 1350 933 1391 motus
956 1342 1162 1406 probet3
1197 1356 1295 1390 non
1312 1356 1417 1389 esse
1450 1348 1608 1389 antem
1629 1350 1679 1388 et
1699 1340 1911 1403 interire,
1929 1339 2084 1404 quies.
2149 1339 2283 1403 Ignis
2303 1338 2431 1388 enim
2452 1339 2695 1404 calorque,

498 1425 585 1490 qui
600 1424 696 1473 ulis
720 1423 873 1488 gignit
893 1431 943 1472 ct
958 1423 1094 1486 regit,
1117 1421 1229 1486 ipse¹
1245 1437 1303 1471 ex
1340 1421 1520 1470 latione
1554 1421 1869 1485 frictioneque
1906 1419 2121 1472 efficitur.
2152 1420 2230 1468 hic
2254 1427 2410 1468 sutem
2433 1428 2591 1471 motus
2609 1428 2699 1469 est.

497 1522 562 1555 nn
582 1521 680 1555 non
702 1506 805 1554 hoc
820 1505 945 1568 ignis
973 1504 1140 1568 origo?
1203 1502 1338 1552 Tus.
1372 1502 1494 1551 Haec
1529 1510 1676 1552 certe.
1737 1502 1823 1552 80.
1857 1502 1989 1560 Quin
2011 1501 2151 1551 etism
2174 1500 2446 1549 aninmlium
2469 1516 2618 1565 genus
2639 1516 2697 1548 ex

497 1587 679 1636 eisdem
718 1585 939 1635 uescitur.
1003 1585 1139 1634 Tun.
1172 1584 1393 1643 Quidni?
1457 1583 1545 1635 80.
1578 1583 1708 1642 Quid
1748 1599 1992 1648 corporum
2030 1582 2256 1631 habitus?
2290 1598 2352 1631 sn
2389 1598 2487 1630 non
2526 1582 2628 1631 otio
2648 1589 2699 1631 et

497 1674 691 1732 torpore
705 1667 1032 1730 corrumpitur,
1055 1666 1391 1715 exercitatione
1418 1673 1575 1715 autern
1615 1674 1843 1731 motuque
1879 1663 2130 1730 plurimum
2163 1663 2505 1712 conservetur?
2565 1662 2701 1712 Tm.

498 1748 594 1798 Its.
660 1748 746 1797 So.
780 1745 972 1795 Anima
999 1761 1190 1812 quoque
1226 1747 1413 1796 habitus
1448 1746 1707 1811 disciplina
1746 1756 1796 1796 et
1834 1745 2159 1802 meditatione,
2182 1760 2290 1810 qua
2314 1744 2545 1793 motiones
2566 1751 2696 1801 sunt,

498 1827 737 1879 doctrinas
757 1825 1075 1889 consequitur,
1098 1834 1305 1875 servatur
1326 1833 1468 1892 atque
1491 1826 1765 1890 perficitur?
1799 1826 1900 1875 otio
1935 1835 2114 1889 nutem,
2134 1827 2185 1874 id
2225 1832 2299 1873 est
2335 1824 2622 1889 negligentia
2647 1833 2699 1872 et

499 1907 709 1973 pigritia,
725 1905 844 1954 nihil
866 1906 1053 1970 penitus
1083 1906 1242 1964 discit,
1266 1914 1316 1955 et
1349 1907 1387 1954 sl
1422 1907 1539 1971 qnid
1578 1906 1815 1963 didicerit,
1839 1906 2168 1955 obliviscitur?
2231 1904 2363 1953 Τιιι.
2397 1904 2461 1952 Et
2493 1903 2697 1954 maxime

500 1988 713 2053 quidem.
775 1986 865 2037 So.
899 1986 1087 2034 Bonum
1109 1987 1269 2051 itaque
1290 1994 1385 2036 tam
1408 1986 1457 2035 in
1489 1986 1646 2035 enims
1667 2002 1807 2052 quum
1843 1987 1891 2035 in
1926 2002 2124 2051 corpore
2144 1994 2299 2035 motus
2319 1993 2408 2042 est,
2429 1985 2564 2048 quies
2584 1999 2697 2033 vero

499 2067 799 2119 contrarium.
864 2065 998 2115 Tun.
1018 2067 1248 2120 Videtur.
1312 2067 1400 2117 So.
1434 2067 1669 2116 Praeterea
1699 2067 1747 2115 in
1785 2067 1862 2125 iis,
1887 2080 1996 2131 quo
2017 2068 2292 2117 serenitates
2316 2065 2698 2130 tranquillitates·

497 2165 594 2214 que
616 2156 858 2205 vocentur,
880 2149 973 2197 boc
993 2163 1166 2206 nssero,
1187 2150 1316 2213 quod
1337 2149 1524 2214 quietes
1545 2148 1866 2212 putrefaciunt
1896 2157 2041 2213 atque
2063 2148 2299 2213 perdunt;
2333 2146 2427 2195 ulia
2449 2162 2562 2195 vero
2581 2161 2698 2195 con·

499 2236 702 2280 urrant.
766 2227 831 2277 Et
850 2229 925 2277 his
944 2228 1216 2293 suffragium
1238 2228 1591 2293 Colophonium
1613 2228 1856 2293 adjiciens,
1879 2229 2031 2294 ipsum
2051 2228 2232 2278 scilieet
2250 2235 2465 2276 catenum
2489 2241 2698 2284 num,

499 2325 643 2375 quam
674 2310 866 2375 quidem
899 2308 1017 2357 nihil
1050 2309 1180 2358 uliud
1218 2319 1388 2375 prater
1423 2310 1570 2358 solem
1607 2309 1845 2359 Homerus
1883 2309 2138 2373 intelligit:
2176 2307 2291 2373 quin
2312 2323 2560 2373 quousque
2581 2308 2694 2356 solis

498 2390 724 2441 circuitus
743 2396 1028 2455 perseverat,
1048 2391 1208 2439 omnin
1228 2398 1324 2438 tum
1345 2391 1539 2439 deorum
1561 2406 1704 2454 quum
1736 2391 1978 2437 bominum
2014 2400 2126 2438 sunt
2152 2397 2295 2453 utque
2333 2396 2593 2437 serventur.
2625 2389 2697 2436 sin

499 2476 659 2522 sutem
680 2471 774 2520 hoc
802 2469 938 2534 quasi
958 2469 1155 2535 ligatum
1171 2477 1332 2533 staret,
1359 2468 1610 2519 confestim
1644 2468 1803 2517 omnis
1824 2467 2206 2524 dissolverentur,
2230 2465 2536 2533 eveniretque
2566 2464 2696 2535 quod

501 2551 693 2608 dicitur,
714 2566 893 2599 sursum
913 2549 1033 2597 infrs
1048 2551 1267 2599 deorsum
1290 2550 1528 2614 superiora
1547 2550 1800 2599 trunsserri.
1866 2548 1998 2597 Tun.
2029 2547 2160 2596 Mihi
2171 2562 2382 2612 quoque,
2405 2563 2436 2596 0
2461 2548 2696 2606 Socrates,

501 2631 668 2679 eadem
683 2645 790 2694 quse
804 2629 927 2679 dicis
945 2630 1117 2677 sentire
1138 2629 1338 2680 videtur.
1377 2631 1466 2678 80.
1499 2629 1685 2694 Accipe
1705 2637 1756 2678 et
1777 2629 1887 2686 boc,
1909 2644 1940 2676 o
1953 2628 2154 2693 optime,
2169 2628 2296 2676 cirea
2315 2628 2483 2677 oculos
2497 2629 2697 2692 primum

499 2709 693 2774 quidem
733 2708 956 2767 colorem,
975 2725 1120 2773 quesn
1141 2709 1342 2759 dicimus
1371 2709 1549 2767 album,
1570 2725 1667 2757 non
1701 2725 1805 2759 esse
1842 2709 1998 2774 ipsum
2014 2707 2142 2757 uliud
2164 2708 2418 2773 quicquum
2439 2717 2573 2759 extr·
2593 2719 2698 2758 tuos

501 2790 666 2840 ocules
683 2805 838 2854 neque
861 2790 911 2839 in
932 2789 1117 2841 oculis:
1150 2803 1308 2856 neque
1328 2789 1399 2840 illi
1423 2798 1474 2838 tu
1499 2790 1653 2839 locu'm
1692 2797 1870 2839 certum
1909 2790 2153 2838 attribues.
2216 2790 2329 2840 Jum
2350 2789 2480 2837 enim
2503 2799 2626 2839 esset
2647 2791 2694 2837 in

501 2871 668 2922 ordino
691 2878 1010 2936 maneretque,
1032 2886 1121 2922 nec
1153 2871 1201 2919 in
1234 2870 1536 2936 generatione
1574 2870 1772 2920 ulterius
1805 2880 1948 2920 esset.
2008 2870 2142 2919 Tun.
2174 2870 2242 2919 At
2264 2870 2544 2934 quomodo?
2610 2871 2697 2921 So.

500 2951 767 3017 Sequuntur
784 2967 1044 3002 sermonem
1065 2953 1370 3017 superiorem,
1391 2952 1509 3002 nihil
1534 2954 1792 3002 secundum
1811 2952 2018 3017 seipsum
2039 2966 2188 2999 unum
2203 2951 2431 3016 quiddam
2449 2960 2697 3016 ponentes.

499 3039 647 3098 etque
667 3033 739 3082 ita
754 3033 891 3083 nobis
927 3034 1059 3098 niger
1092 3034 1322 3099 albusque
1357 3041 1408 3082 et
1439 3032 1595 3098 quivis
1628 3032 1746 3082 alius
1779 3032 1911 3082 color
1946 3047 2003 3080 ex
2027 3030 2350 3096 applicatione
2370 3031 2694 3081 oculorumsd

499 3114 760 3166 moh‘onem
781 3115 1146 3164 convenientem
1166 3115 1352 3180 genitus
1387 3120 1620 3179 spparet:
1655 3121 1707 3163 et
1726 3114 1796 3178 id,
1818 3114 1949 3178 quod
1969 3111 2145 3162 coloris
2165 3111 2357 3161 nomine
2379 3113 2694 3177 sppellsmns,

499 3209 655 3257 neque
674 3194 924 3259 applicans
941 3194 1099 3257 ipsum
1116 3209 1274 3259 neque
1306 3194 1455 3260 [154]
1488 3193 1768 3258 applicitum
1783 3193 1890 3250 erit,
1907 3192 1992 3242 sed
2009 3191 2216 3240 medium
2233 3191 2460 3255 quiddam
2474 3193 2692 3257 c'uiqusm

506 3273 745 3336 proprium
768 3274 1009 3323 effectum.
1076 3274 1156 3323 Au
1179 3283 1229 3323 tu
1251 3290 1496 3337 emeres,
1516 3274 1674 3339 qualis
1695 3274 1781 3323 tibi
1802 3273 2003 3338 quilibet
2020 3271 2151 3321 color
2170 3280 2385 3336 sppsret.
2406 3272 2549 3322 talem
2568 3274 2695 3323 euni·

500 3351 593 3398 bus
611 3359 664 3398 et
683 3349 882 3415 singulis
902 3351 1181 3402 animalibus
1200 3354 1464 3417 appareret
1528 3352 1663 3401 Tuu-
1695 3351 1833 3411 Non,
1854 3368 1941 3417 per
1972 3352 2160 3402 Jovem.
2225 3352 2312 3403 80.
2346 3352 2479 3409 Quid
2502 3355 2695 3403 sutem?

502 3428 643 3480 alteri
657 3430 838 3478 homini
860 3440 910 3479 et
932 3431 1018 3479 tibi
1039 3447 1152 3480 num
1189 3432 1341 3481 simile
1376 3433 1748 3497 unumquodque
1777 3433 2411 3496 asserendumque'videtur?
2451 3449 2514 3481 sn
2538 3435 2694 3497 potius

500 3523 591 3558 nec
628 3509 715 3557 tibi
751 3508 844 3573 ipsi
880 3511 1029 3574 idern,
1049 3528 1109 3561 00
1145 3512 1274 3576 quod
1311 3527 1553 3576 nunquam
1595 3512 1681 3562 tibi
1711 3512 1813 3577 ipse
1850 3512 2015 3561 similia
2051 3514 2351 3577 perseveres?
2414 3514 2551 3565 Tau.
2586 3514 2692 3564 Hoc

502 3589 664 3652 potius
701 3603 842 3654 quam
876 3591 997 3640 illud
1035 3592 1225 3656 opinor.
1289 3592 1374 3644 So.
1401 3592 1453 3641 Sl
1487 3592 1536 3641 id
1570 3607 1665 3657 quo
1687 3603 2011 3642 mensuramus
2033 3594 2105 3642 vel
2128 3594 2259 3658 quod
2280 3594 2574 3658 attingimus,
2593 3611 2693 3644 ms·

500 3685 647 3733 gnum
668 3670 741 3719 vel
764 3670 922 3720 album
943 3672 1019 3720 vel
1039 3671 1246 3722 calidum
1280 3679 1423 3731 esset,
1444 3688 1685 3737 nunquam
1717 3673 1769 3722 in
1804 3674 1931 3723 aliud
1956 3675 2195 3724 incurrens
2214 3675 2343 3724 aliud
2366 3675 2520 3738 fieret,
2539 3676 2690 3740 ipsum

495 3749 615 3798 nihil
656 3752 922 3800 mutatum?
987 3754 1133 3812 Quod
1171 3753 1211 3803 si
1246 3761 1564 3804 mensuratum
1602 3762 1687 3804 sut
1707 3763 1978 3820 perceptum
2001 3756 2206 3821 quodvis
2225 3757 2388 3804 hurum
2406 3765 2548 3814 esset,
2569 3772 2690 3804 nun·

494 3845 635 3893 quum
657 3828 751 3877 alio
773 3833 1029 3886 accedente
1050 3834 1124 3884 rel
1147 3835 1378 3899 patiente,
1396 3836 1556 3899 ipsum
1571 3835 1689 3883 nihil
1724 3836 1910 3899 patiens
1940 3836 2070 3884 aliud
2109 3836 2276 3885 fieret?
2343 3834 2393 3884 N
2396 3851 2469 3883 sm
2495 3837 2544 3885 in
2566 3853 2686 3902 prt-

493 3908 665 3967 sentis,
684 3911 857 3970 amice,
880 3913 993 3963 mira
1029 3916 1246 3981 quoedsm
1282 3923 1333 3965 et
1367 3915 1632 3965 deridenda
1656 3915 1796 3965 focile
1828 3917 1985 3966 dicere
2016 3916 2247 3980 cogimur·
2273 3923 2328 3964 αἱ
2365 3916 2468 3980 31)oe
2501 3932 2690 3981 quoque

494 3989 774 4054 Protagoras
808 4001 860 4041 et
880 3995 1093 4059 quisquis
1114 3996 1234 4045 alius
1256 3996 1471 4061 ejusdem
1494 3997 1741 4046 sententio
1763 4005 1836 4045 est
1857 3997 2175 4047 confiteretur.
2239 3995 2373 4045 Tun.
2406 3998 2520 4055 Quo
2543 4005 2681 4061 paeto

491 4076 544 4120 et
581 4071 742 4134 qualia
777 4073 934 4124 dicis?
999 4076 1089 4129 So.
1118 4078 1272 4127 Breve
1308 4077 1575 4143 exemplum
1614 4076 1797 4142 accipe,
1819 4077 2151 4142 intelligesque
2179 4078 2310 4141 quod
2331 4078 2460 4127 volo.
2523 4079 2576 4125 Si
2607 4093 2686 4126 sex

494 4150 600 4200 ulis
615 4159 817 4216 quatuor
838 4156 1107 4214 admovens,
1131 4174 1211 4208 sex
1232 4158 1410 4223 priores
1433 4159 1592 4225 plures
1613 4174 1715 4207 esso
1749 4172 1890 4221 quam
1927 4166 2129 4222 quatuor
2157 4157 2379 4213 dicimus,
2400 4172 2457 4206 ac
2491 4157 2686 4206 dimidio

493 4247 730 4298 superare,
750 4236 878 4285 unde
909 4236 1213 4300 sesquialter·
1254 4240 1499 4303 proportio
1535 4240 1821 4301 nominetur,
1844 4238 1915 4286 sin
1938 4238 2208 4294 duodecim,
2233 4238 2480 4301 pauciores
2499 4237 2686 4287 dimidi-

495 4324 659 4377 osque.
690 4331 780 4366 nec
821 4315 957 4365 sliter
995 4317 1091 4366 dici
1131 4325 1306 4383 potest.
1343 4334 1405 4367 an
1443 4326 1496 4368 tu
1531 4320 1698 4368 aliter?
1763 4319 1898 4368 Tun.
1929 4317 2166 4383 Equidem
2205 4318 2338 4368 nullo
2377 4319 2539 4369 modo.
2604 4318 2681 4367 So.

493 4388 623 4444 Quid
659 4398 806 4459 ergo?
839 4398 879 4446 si
915 4405 962 4447 tc
995 4397 1271 4465 Protagoras
1304 4407 1389 4449 eut
1428 4399 1552 4449 elius
1594 4399 1748 4465 quivis
1791 4399 2115 4464 interrogaret,
2158 4399 2389 4447 Potestne
2424 4398 2625 4463 aliquid,
2651 4414 2681 4445 o

490 4462 749 4532 Thea-tege,
773 4477 923 4540 majus
956 4486 1041 4530 aut
1071 4480 1179 4545 plus
1212 4481 1348 4531 aliter
1381 4480 1480 4530 fieri
1513 4497 1653 4546 quum
1678 4481 1961 4533 adauctum?
1992 4480 2127 4546 quid,
2151 4480 2364 4544 iuquam,
2387 4478 2680 4543 potissimum
