2917 4975
151 462 298 542 απ]
1023 457 1449 521 soPffls'rA.
2231 463 2351 523 343

155 618 335 671 rudem.
366 618 587 685 intelligo
609 617 851 685 equidem,
885 633 986 668 non
1007 628 1224 684 oportere
1246 618 1400 678 illum,
1421 616 1507 683 qui
1538 618 1613 667 ita
1641 625 1855 680 vocatur,
1874 618 2077 676 inertem
2109 636 2234 686 esse,
2265 623 2352 671 sed

152 702 471 766 artequadarn
505 701 801 750 instructum.
865 699 967 750 Ηο.
1000 700 1113 759 Qua
1152 699 1297 764 igitur
1327 700 1466 748 arte?
1499 700 1718 764 nunquid
1751 701 1979 750 haetenus
2010 702 2345 768 cognationem

153 779 345 830 istorum
369 788 578 831 mutuam
599 780 955 846 ignorabimus?
1018 780 1153 830 Tnx.
1188 780 1441 839 Quorum?
1504 781 1609 832 Ηο.
1643 780 1911 831 Hamatorls
1941 790 2085 847 atque
2105 784 2349 848 sophista.

149 859 277 911 Tus.
313 863 759 919 Quemadmodum?
830 860 933 910 Ηο.
965 861 1230 912 venatores
1261 861 1456 926 quidam
1477 876 1580 911 esse
1600 861 1717 911 mibi
1754 863 1894 911 ambo
1916 862 2151 912 videntur.
2212 863 2347 913 Tua.

147 939 306 999 Quam
344 944 551 1008 prodam
589 944 670 993 hic
704 943 826 992 alter
861 940 1165 1007 insequitur?
1198 943 1262 992 de
1292 942 1440 992 altero
1475 957 1680 1008 namque
1710 943 1931 995 diximus.
1998 944 2101 993 Ηο.
2135 945 2353 995 Prodam

159 1021 421 1072 universam
451 1023 665 1072 bifariam
688 1022 848 1088 partiti
878 1038 1056 1081 sumus,
1079 1022 1130 1071 in
1145 1025 1393 1072 'natantem
1415 1030 1559 1087 atque
1579 1024 1881 1089 gressibilem.
1944 1023 2079 1074 Tua.
2111 1025 2353 1076 Profecto.

155 1102 255 1153 Ηο.
287 1105 355 1153 Et
375 1105 691 1163 venationem,
710 1120 819 1171 qum
841 1103 1054 1153 natantia
1075 1103 1397 1166 aquatiliaque
1418 1103 1732 1167 persequitur,
1751 1104 1988 1168 prosecuti
2008 1120 2200 1154 sumus:
2239 1121 2347 1155 eam

154 1199 285 1242 vem,
306 1199 413 1250 quo
435 1184 711 1250 gressibilia,
747 1182 1146 1249 pretermisimus,
1167 1182 1359 1246 quodve
1393 1181 1641 1245 multiplex
1672 1191 1814 1244 esset,
1841 1183 2158 1247 adjunximus.
2217 1185 2352 1235 Tan.

158 1264 307 1330 [222]
341 1264 514 1314 Procul
551 1264 716 1313 dubio.
781 1262 883 1312 Hc.
918 1261 1169 1310 Hactenus
1186 1262 1399 1309 humator
1418 1266 1470 1308 el.
1490 1262 1702 1325 sophista
1721 1263 1783 1309 ab
1815 1270 1914 1312 arte
1950 1263 2192 1311 venatoria
2220 1280 2357 1330 aque

155 1345 532 1410 proficiscuntur.
573 1344 707 1393 Tnx.
739 1343 976 1392 Videntur
995 1357 1127 1391 sane.
1173 1340 1275 1390 Ηο.
1309 1340 1392 1389 Ab
1405 1340 1679 1389 animalium
1693 1343 1943 1391 venatione
1957 1342 2216 1407 quidamin
2232 1359 2359 1394 mare

159 1426 427 1484 descendit,
446 1424 737 1489 fluminaque
759 1431 810 1471 et
831 1423 977 1481 lacus,
999 1423 1120 1471 etin
1141 1422 1216 1471 his
1235 1421 1457 1472 animalia
1472 1421 1577 1486 ipsa
1594 1429 1805 1471 venatur.
1835 1423 1968 1473 Tua.
2002 1422 2223 1481 Quidni?
2255 1422 2357 1472 Ηο.

165 1507 384 1567 Quidam
405 1513 564 1554 antem
583 1505 637 1552 in
659 1513 800 1552 terras
820 1512 871 1552 et
889 1502 1011 1552 alios
1029 1502 1218 1561 fluvios,
1242 1502 1373 1551 velut
1393 1502 1445 1551 in
1467 1511 1600 1567 prata
1619 1504 1837 1568 quasdam
1846 1503 2100 1567 juventute
2120 1509 2172 1552 et
2182 1503 2362 1553 divitiis

154 1584 474 1642 abundantia,
492 1583 547 1630 in
565 1582 640 1630 his
657 1581 878 1631 animalia
893 1588 1181 1647 captaturus.
1246 1582 1378 1631 Tua.
1411 1581 1524 1640 Quo
1543 1583 1720 1647 paeto?
1787 1582 1889 1633 Ηο.
1923 1583 2226 1640 venationis,
2239 1597 2361 1648 ,quo

158 1676 287 1717 terra
311 1665 385 1722 fit,
407 1664 516 1712 dum
538 1661 739 1711 maxime
759 1670 914 1727 partes
948 1671 1076 1713 sunt.
1140 1663 1275 1714 Tne.
1305 1663 1474 1723 Qualis
1511 1664 1749 1728 utraque?
1811 1663 1913 1714 Ηο.
1948 1664 2060 1713 Una
2078 1664 2363 1712 domestico-

161 1764 300 1810 rum3
334 1744 583 1811 agrestium
621 1743 786 1794 altera.
848 1742 980 1793 Tun.
1014 1743 1094 1792 An
1138 1749 1213 1792 est
1251 1743 1350 1792 ulla
1392 1742 1755 1793 domesticorum
1806 1744 2033 1794 venatio?
2096 1742 2198 1792 Ηο.
2228 1743 2365 1794 Pone

164 1844 277 1895 quas
332 1826 505 1883 ἀίοιω,
548 1832 603 1874 ut
646 1825 792 1874 lubet.
839 1831 923 1873 aut
963 1823 1090 1873 enim
1144 1832 1218 1873 est
1259 1825 1401 1872 homo
1453 1824 1764 1875 domesticum
1811 1824 2003 1885 animal,
2056 1831 2141 1873 aut
2179 1825 2360 1874 nullum

165 1907 346 1958 animal
386 1914 461 1955 est
501 1906 841 1955 domesticum:
899 1905 977 1955 vel
1015 1904 1147 1954 aliud
1180 1906 1420 1970 quoddam
1464 1913 1774 1964 mansuetum,
1816 1906 1958 1955 homo
1990 1913 2149 1955 autem
2190 1906 2367 1956 aniuial

167 1989 352 2037 ferum:
385 1988 487 2036 sire
523 1995 795 2036 mansuetus
832 1987 976 2036 homo
999 1985 1211 2050 quidem,
1232 1987 1316 2036 sed
1349 1986 1550 2035 hominis
1582 1986 1771 2036 venatio
1804 1987 1952 2038 nulla.
2019 1986 2092 2035 Ex
2123 1987 2198 2036 his
2230 1987 2362 2052 quod

167 2068 321 2133 magis
353 2068 442 2116 tibi
478 2075 723 2125 consonat,
758 2068 809 2116 in
851 2066 1100 2132 prasentia
1142 2066 1417 2117 determina.
1481 2066 1613 2119 Tne.
1646 2066 1859 2117 Arbitror
1890 2067 2131 2132 equidem,
2172 2069 2364 2133 hospes,

167 2156 220 2197 et
275 2156 568 2197 mansuetum
621 2155 672 2198 et
726 2148 940 2198 venabilc
997 2148 1171 2197 animal
1225 2164 1327 2197 esse
1378 2148 1634 2198 hominem.
1704 2148 1804 2197 Ηο.
1838 2148 2096 2212 Duplicem
2139 2157 2366 2213 praeterea

165 2229 531 2278 domesticorum
553 2230 850 2278 venationem
865 2228 1130 2277 statuimus.
1190 2227 1268 2276 Τιι
1277 2244 1323 2276 a.
1355 2229 1469 2285 Qua
1485 2228 1699 2276 ratione?
1766 2226 1869 2278 Ηο.
1902 2227 2020 2274 Eam
2040 2242 2148 2290 qum
2162 2227 2359 2276 demon-

167 2308 398 2358 stratione
418 2309 565 2373 cogit,
586 2317 638 2358 et
655 2323 762 2374 quae
784 2308 956 2371 redigit
974 2308 1024 2355 in
1046 2308 1333 2364 servitutem,
1355 2307 1654 2372 tyrannidem
1687 2307 1898 2370 insuper,
1915 2314 1967 2354 et
1986 2307 2232 2355 militarem
2252 2321 2367 2372 cap-

167 2390 426 2452 tivitatem,
448 2397 620 2438 cuncta
636 2390 741 2437 hac
762 2388 1018 2436 violentam
1039 2386 1352 2436 communiter
1369 2386 1668 2434 venationem
1693 2386 1954 2434 asserimus.
1985 2384 2119 2434 Tne.
2151 2385 2370 2449 Optime.

163 2468 270 2520 Ηο.
308 2469 432 2526 Qun
454 2483 564 2517 vero
580 2468 847 2533 judicando
869 2469 923 2517 fit
945 2467 1019 2516 vel
1039 2466 1370 2517 concionando
1391 2465 1467 2516 vel
1486 2465 1805 2524 conciliando,
1819 2466 2084 2515 summatim
2100 2466 2368 2531 persuasio-

166 2550 244 2599 nis
283 2547 534 2598 artificium
575 2563 920 2615 nuncupamus.
983 2548 1116 2597 Ten.
1146 2547 1318 2598 Recte.
1384 2547 1487 2597 Ηο.
1519 2546 1679 2611 Hujus
1712 2549 1809 2596 duo
1844 2554 1954 2596 sunt
1984 2563 2171 2612 genera.
2233 2547 2371 2601 Tua.

173 2629 454 2689 Quanam?
516 2629 620 2680 Ηο.
654 2629 903 2679 Publicum
928 2637 977 2679 et
994 2629 1241 2694 privatum.
1305 2629 1433 2677 Tne.
1469 2628 1636 2677 Exstat
1649 2629 1834 2694 species
1851 2636 2068 2696 utraque.
2130 2628 2232 2680 Ηο.
2265 2628 2373 2678 Pri-

173 2718 305 2758 vatae
328 2724 483 2759 rursus
505 2711 817 2774 persuasionis
840 2711 1028 2760 venatio
1051 2717 1134 2759 aut
1155 2711 1366 2761 mercede
1387 2710 1441 2758 fit
1461 2718 1546 2759 aut
1560 2710 1846 2760 muneribus.
1905 2710 1950 2759 T
1951 2726 2038 2759 ne.
2074 2709 2216 2759 Haud
2230 2710 2377 2760 intel-

172 2790 297 2855 ligo.
362 2790 463 2840 Hc.
494 2791 776 2841 Amatorurn'
805 2793 1101 2842 venationem
1138 2807 1380 2857 nunquam
1417 2791 1735 2840 considerasse
1769 2791 1958 2840 videris.
2022 2790 2156 2840 Tne.
2190 2792 2300 2850 Qua
2320 2791 2373 2839 in

171 2886 226 2921 re
242 2873 266 2921 ἲ
332 2871 434 2925 Ηο.
469 2872 613 2931 Quod
633 2873 747 2933 illis,
770 2890 889 2940 quos
904 2881 1150 2939 ceperunt,
1171 2889 1365 2923 munera
1376 2873 1571 2938 insuper
1583 2873 1824 2922 exhibent.
1889 2871 2022 2920 Tun.
2054 2871 2182 2921 Vera
2197 2886 2374 2921 narras.

176 2952 288 3002 Ηο.
321 2953 439 3003 Haec
476 2956 638 3020 itaque
683 2958 795 3005 artis
836 2957 1072 3005 amatoriae
1113 2955 1299 3019 species
1339 2962 1459 3003 esto.
1523 2953 1657 3002 Tua.
1690 2951 1826 2999 Esto.
1891 2950 1993 3000 Ηο.
2025 2952 2123 2999 Sed
2156 2967 2232 3010 ea,
2264 2967 2373 3015 quo

176 3035 401 3083 mercede
422 3034 495 3099 fit,
517 3044 601 3084 aut
617 3045 825 3085 versatur
845 3036 905 3083 ad
930 3035 1143 3098 gretiam,
1165 3033 1517 3098 voluptatisque
1530 3031 1773 3081 illecebras
1790 3037 1940 3094 parat,
1958 3037 2013 3077 ut
2026 3031 2140 3078 inde
2152 3031 2378 3080 alimenta

175 3129 272 3178 pro
295 3116 509 3164 mercede
530 3116 761 3164 duntaxat
780 3114 1022 3179 accipiat;
1053 3128 1197 3177 quam
1228 3112 1550 3160 adulationem
1581 3125 1826 3168 vocamus,
1848 3117 1994 3158 artem
2024 3110 2172 3175 [228]
2205 3109 2378 3176 volup·

180 3202 338 3242 tatum
363 3193 757 3242 machinatricem.
819 3193 954 3242 Tira.
991 3192 1151 3242 Certe.
1218 3190 1318 3240 Ηο.
1354 3192 1461 3239 Aut
1480 3191 1664 3239 virtutis
1685 3191 1992 3239 ostendenda!
2014 3190 2163 3254 gratia
2182 3206 2379 3241 conver-

175 3274 277 3323 sari
309 3288 362 3322 sc
381 3272 642 3337 profitetur,
662 3281 712 3321 et
729 3288 814 3337 pro
834 3274 1051 3322 mercede
1073 3271 1298 3337 pecunias
1319 3271 1465 3336 exigit
1484 3288 1500 3333 3
1532 3272 1677 3338 idque
1697 3287 1847 3336 genus
1867 3271 1963 3329 alio
1984 3273 2174 3321 nomine
2196 3288 2381 3323 nuncu-

173 3354 398 3420 pandum
419 3352 623 3402 videtur.
674 3351 808 3402 Tne.
844 3350 1064 3411 Quidni?
1120 3351 1219 3405 Ηο.
1251 3351 1510 3410 Quonam?
1543 3352 1799 3417 exprimere
1821 3360 1968 3401 teuta.
2013 3352 2145 3402 Tne.
2175 3353 2379 3403 Constat

179 3434 350 3499 plane.
414 3430 682 3498 sophistam
705 3446 907 3497 namque
922 3430 1023 3496 jam
1040 3431 1266 3497 reperisse
1287 3432 1526 3481 videmur:
1550 3445 1602 3481 et
1619 3434 1711 3482 hoc
1731 3448 1902 3482 nomen
1923 3433 2035 3482 huic
2053 3434 2249 3483 maxime
2261 3449 2378 3483 con·

182 3528 355 3578 gruere
376 3512 586 3561 arbitror.
618 3512 720 3564 uo.
755 3513 825 3562 Ut
843 3528 902 3562 ex
924 3514 1013 3562 hac
1033 3513 1356 3578 disputatione
1376 3512 1631 3578 colligitur,
1645 3522 1848 3571 constat,
1868 3530 1899 3562 o
1919 3513 2179 3574 Theaetete,
2197 3515 2383 3580 sophis-

181 3594 329 3642 ticam
352 3592 623 3642 facultatem
644 3592 978 3658 appellandam
1016 3608 1120 3643 esse
1140 3603 1304 3657 artem,
1323 3609 1431 3658 quas
1454 3595 1504 3642 in
1526 3594 1826 3644 conciliando
1846 3596 2256 3660 comparandoque
2277 3610 2381 3645 ver-

183 3682 337 3730 satur,
354 3673 717 3738 animaliumque
738 3673 1047 3739 gressibilium
1068 3681 1120 3722 et
1139 3682 1422 3723 terrenorum
1444 3674 1901 3738 domesticorumque
1914 3674 2103 3724 venatio
2120 3682 2210 3733 est,
2226 3672 2380 3722 homi·

183 3770 305 3802 num
338 3752 560 3802 videlicet
580 3754 760 3817 privata
791 3761 986 3818 captura
1006 3755 1070 3802 ob
1091 3770 1382 3804 nummorum
1404 3756 1667 3805 mercedem
1688 3767 1737 3804 et
1750 3755 1983 3819 juvenum
2018 3754 2219 3804 divitum
2239 3761 2383 3821 atque

186 3833 426 3886 nobilium
463 3834 690 3899 opinione
726 3833 910 3883 virtutis
947 3835 1302 3899 disciplineque
1338 3836 1552 3885 irretitio.
1614 3836 1749 3887 Tua.
1781 3836 1975 3885 Prorsus
2008 3837 2077 3884 ita
2110 3836 2382 3889 dicendum.

190 3918 298 3969 Ηο.
333 3916 568 3965 Ριωῑοτει
588 3916 679 3965 hoc
702 3915 844 3964 modo
866 3915 1231 3966 consideremus.
1280 3915 1395 3964 Non
1420 3917 1548 3965 enim
1568 3916 1793 3980 simplicis
1813 3917 1940 3974 artis,
1960 3918 2089 3981 quod
2110 3933 2239 3970 nnnc
2251 3933 2383 3983 quas.

187 3999 328 4060 ritur,
347 3998 432 4047 sed
455 3996 596 4045 varim
618 3996 874 4062 particeps.
934 3995 1122 4044 Etenim
1144 4010 1202 4044 cx
1222 3997 1296 4054 iis,
1319 4012 1427 4062 quse
1447 4012 1585 4061 supra
1615 3998 1835 4054 diximus,
1858 4013 1941 4062 per
1961 3997 2211 4063 imaginem
2231 4017 2389 4067 qun.

195 4079 309 4127 dam
345 4077 613 4143 conjectare
648 4077 780 4137 licet,
818 4093 914 4126 non
951 4077 1096 4141 hujus
1133 4078 1332 4143 generis,
1364 4078 1495 4143 quod
1516 4078 1738 4136 diximus,
1758 4080 1840 4128 sed
1861 4078 2053 4129 alterius
2069 4097 2189 4131 esse.
2249 4082 2385 4134 Tus.

197 4159 355 4224 Cujus
376 4159 554 4224 igitur?
601 4157 703 4209 Ηο.
735 4159 863 4208 Artis
885 4159 1117 4224 proiecto,
1137 4174 1245 4225 quae
1267 4159 1317 4207 in
1339 4158 1627 4224 acquirendo
1650 4167 1871 4219 versatur,
1892 4162 2001 4211 dun
2021 4163 2205 4226 species
2225 4162 2385 4211 relat·

200 4250 333 4299 sunt,
352 4240 542 4289 venatio
558 4247 611 4288 ct
622 4240 971 4291 commercium.
1001 4239 1134 4290 Tnx.
1168 4240 1326 4290 Certe.
1358 4240 1460 4290 Ηο.
1495 4240 1779 4292 commercii
1799 4257 1909 4291 vero
1922 4244 2031 4291 dum
2044 4241 2385 4304 suntspeciesr

199 4335 299 4370 nna
318 4320 370 4369 in
391 4319 655 4385 largitione,
675 4318 821 4369 altera
841 4319 891 4369 in
906 4321 1148 4386 emptione
1162 4323 1527 4388 venditioneque
1542 4321 1774 4374 consistit.
1805 4321 1939 4371 Tun.
1968 4320 2138 4369 Sicest
2154 4318 2386 4383 profecto.

201 4400 309 4451 Ηο.
341 4400 460 4449 Eam
498 4416 673 4464 rursus,
692 4415 800 4466 quae
836 4402 897 4450 ad
919 4403 1168 4451 emendum
1203 4403 1601 4468 vendendumque
1630 4402 1852 4466 pertinet,
1882 4399 2093 4447 bifariam
2114 4398 2393 4454 dividimus.

201 4481 335 4531 Tau
370 4482 484 4541 Quo
504 4482 681 4546 pacto?
744 4481 846 4535 Hc.
879 4480 978 4541 Qui
1000 4496 1143 4546 opera
1163 4498 1248 4531 sua
1269 4484 1452 4532 venalia
1471 4484 1605 4540 facit,
1627 4480 1914 4545 propriorum
1937 4477 2153 4527 venditor
2170 4480 2387 4532 nomina.

206 4569 310 4612 tur:
344 4561 430 4628 qui
451 4561 606 4613 aliena
627 4562 807 4631 vendit,
841 4570 1166 4614 commutator.
1228 4564 1360 4614 Tun.
1396 4563 1625 4613 Omnino.
1688 4559 1790 4609 Ηο.
1825 4556 2147 4612 Commutatio
2174 4578 2283 4614 vero
2303 4578 2388 4620 aut
