2917 4975
518 439 600 504 σε
1358 436 1371 442 ·
1404 432 1811 497 PLAroms
2561 438 2706 517 [338

516 585 663 645 dacio
684 600 853 660 preter
869 585 1151 641 sententiam
1186 585 1368 653 aliquid
1404 588 1702 638 extollentes.
1767 585 1873 636 Nos
1891 583 2006 636 item
2028 585 2266 640 auditores
2287 587 2354 637 ita
2375 586 2577 637 maxime
2597 604 2709 658 gau·

518 667 620 738 dio,
639 689 735 722 non
756 673 998 736 voluptate
1018 670 1317 720 afficeremur.
1380 666 1577 718 Gaudio
1600 668 1798 718 afficitur
1818 668 1915 726 ille,
1938 669 2022 732 qul
2038 668 2266 717 discendo
2278 675 2328 716 et
2343 669 2712 732 contemplando

510 755 623 818 ipsa
652 751 971 816 intelligentia
1003 752 1298 801 delectatum
1330 749 1581 812 voluptate
1616 748 1929 813 paiunditur,
1956 748 2041 812 qui
2079 749 2192 795 dum
2235 747 2462 804 comedit,
2498 747 2574 795 vel
2599 748 2708 800 ‚alio

516 832 724 898 quodam
742 831 1092 885 oblectamento
1110 830 1305 895 potitur,
1336 829 1445 893 ipso
1482 844 1623 877 sensu
1660 828 1869 892 corporis
1904 827 2181 877 delectatur.
2249 827 2372 877 Cum
2393 828 2497 876 hec
2518 828 2713 877 dixisset

518 911 766 968 Prodicus,
790 911 1088 975 presentium
1110 909 1295 974 plurimi
1312 916 1671 957 consenserunt.
1737 908 1928 956 Deinde
1960 908 2146 971 sapiens
2177 907 2385 971 Hippias
2419 909 2489 957 sic
2521 925 2711 958 exorsus

517 999 591 1039 est
609 990 798 1039 diceret
835 990 1069 1052 Arbitror,
1104 1004 1135 1036 o
1155 987 1242 1035 viri
1263 996 1539 1049 presentes,
1561 1003 1645 1034 vos
1665 1003 1830 1036 omnes
1849 997 2097 1052 cognatos,
2123 987 2509 1053 propinquosque
2527 997 2579 1037 et
2599 1007 2710 1039 con-

518 1070 648 1121 cives
668 1068 871 1120 invicem
891 1085 994 1118 esse
1012 1076 1197 1125 natura,
1217 1082 1315 1115 uon
1336 1066 1460 1131 lege.
1527 1067 1691 1115 Simile
1712 1083 1918 1132 namque
1938 1068 2080 1117 simili
2101 1078 2267 1117 natura
2304 1077 2579 1133 cognatum.
2635 1072 2708 1122 lex

516 1158 699 1214 autem,
734 1157 963 1216 tyrannus
996 1147 1256 1203 bominum,
1290 1146 1438 1195 multa
1476 1155 1648 1218 prmter
1665 1157 1881 1197 naturam
1915 1149 2062 1212 cogit.
2128 1148 2286 1213 Turpe
2321 1151 2481 1215 itaque
2509 1161 2652 1211 esset,
2673 1154 2712 1202 si

518 1246 628 1289 nos,
662 1232 747 1294 qui
783 1245 933 1280 rerum
967 1236 1178 1277 naturam
1213 1226 1457 1286 callemus,
1490 1226 1918 1293 sapientissimique
1963 1228 2235 1278 Graecorum
2278 1232 2488 1279 omnium
2531 1249 2711 1291 sumus,

518 1320 773 1378 postquam
793 1312 856 1361 de
878 1312 967 1359 boc
986 1310 1092 1373 ipso
1112 1308 1398 1373 disputaturi
1419 1309 1544 1359 hauc
1566 1310 1616 1358 in
1638 1312 1798 1359 urbem
1815 1311 2137 1369 convenimus,
2162 1312 2305 1359 totius
2327 1310 2508 1360 Groecm
2525 1315 2711 1376 sapien-

522 1393 605 1444 tise
638 1409 807 1450 arcem,
836 1390 1001 1455 bisque
1032 1390 1088 1439 iu
1118 1388 1319 1446 nedibus.
1357 1390 1658 1453 amplissimis
1694 1390 2168 1457 sumtuosissimisque
2189 1391 2451 1442 Atticarum
2482 1393 2709 1453 omnium,

524 1474 796 1541 congregati
815 1485 989 1528 sumus,
1028 1470 1147 1518 nibil
1178 1478 1310 1520 tanta
1337 1473 1428 1521 hac
1459 1472 1773 1537 amplitudine
1801 1474 1998 1537 dignum
2034 1473 2402 1530 ostenderemus,
2440 1474 2523 1522 sed
2549 1474 2711 1523 vilium

525 1555 906 1606 homunculorum
938 1566 1069 1601 more
1100 1552 1399 1612 altercantes,
1430 1553 1637 1603 invicem
1672 1554 2038 1602 dissentiremus.
2104 1553 2279 1602 Hortor
2313 1554 2534 1618 equidem
2557 1571 2643 1604 vos
2664 1564 2714 1605 et

523 1640 734 1698 obsecro,
752 1651 783 1683 o
801 1634 1016 1683 Socrates
1036 1641 1180 1698 atque
1200 1634 1476 1699 Protagora,
1509 1643 1565 1683 ut
1594 1635 1796 1684 libenter
1816 1635 1904 1684 sub
1926 1634 2064 1684 nobis
2084 1644 2308 1699 tanquam
2330 1636 2512 1684 arbitris
2531 1652 2710 1685 conre-

520 1716 680 1773 niatis,
700 1716 782 1780 qui
806 1714 965 1763 vosad
986 1714 1194 1763 medium
1215 1716 1506 1764 reducemus.
1540 1715 1688 1779 [838]
1723 1731 1879 1780 neque
1910 1724 1962 1763 tu
1991 1717 2218 1765 sermonis
2247 1716 2609 1780 amplitudinem
2640 1734 2709 1767 re·

521 1811 679 1846 secare
700 1796 844 1844 debes
863 1795 926 1843 ad
947 1795 1124 1853 vivum,
1141 1812 1170 1843 o
1191 1796 1425 1853 Socrates,
1447 1805 1497 1844 et
1516 1796 1645 1843 istud
1663 1803 1815 1857 tuum,
1836 1803 1891 1844 ut
1901 1797 1969 1844 ita
1985 1797 2159 1859 dicam,
2178 1798 2515 1862 breviloquium
2537 1801 2600 1846 ad
2625 1815 2710 1848 un·

521 1892 659 1950 guem
684 1876 873 1939 penitus
893 1878 1164 1926 observater
1201 1876 1307 1925 laxa
1329 1876 1570 1941 paulisper
1589 1876 1782 1924 οὔατα
1814 1877 2104 1927 sermonibus
2141 1879 2475 1941 gubernacula,
2505 1889 2562 1928 ut
2580 1896 2710 1944 mag-

520 1956 835 2007 nificentiores
855 1957 1292 2023 splendidioresque
1313 1966 1588 2022 appareant.
1651 1956 1749 2005 Oro
1767 1956 1960 2022 insuper
1980 1959 2299 2023 Protagoram,
2321 1975 2384 2008 ne
2404 1959 2549 2008 tentis
2582 1976 2712 2024 pror·

519 2055 598 2088 sus
616 2038 915 2101 rudentibus,
931 2037 1142 2104 velisque
1161 2038 1340 2087 inflatis
1359 2047 1549 2087 temone
1578 2038 1743 2087 relicto
1777 2038 1831 2086 in
1865 2038 2012 2087 altum
2047 2055 2311 2088 sermonum
2342 2055 2468 2087 mare
2499 2040 2714 2103 protinus

518 2119 781 2176 delabetur,
812 2118 940 2166 unde
960 2134 1191 2182 nusquam
1213 2119 1351 2167 tellus
1373 2119 1715 2183 perspiciaturz
1747 2120 1831 2167 sed
1854 2120 1992 2168 ambo
2013 2120 2187 2185 pariter
2206 2119 2501 2177 annitamini,
2533 2130 2590 2169 ut
2612 2137 2712 2170 me·

519 2199 812 2248 diocritatem
836 2211 920 2260 pro
938 2198 1112 2246 viribus
1133 2199 1403 2248 observetis.
1470 2198 1658 2248 Efficite
1679 2215 1840 2263 quaeso
1861 2201 1989 2264 quod
2013 2200 2227 2262 consulo,
2261 2208 2412 2265 utque
2445 2201 2497 2248 id
2519 2204 2715 2252 servetis

522 2279 765 2344 integrius,
782 2276 945 2341 eligite
966 2276 1287 2340 sceptriferum
1304 2277 1509 2341 aliquem
1532 2280 1777 2341 praesidem
1800 2288 1942 2344 atque
1957 2280 2189 2343 judicem,
2227 2281 2310 2345 qui
2333 2281 2485 2330 verbis
2518 2284 2714 2332 modum

523 2366 701 2412 statuat
721 2360 1029 2423 observetque
1050 2364 1298 2420 utrumque
1315 2356 1607 2421 loquentem.
1673 2358 1960 2408 Placuerunt
1979 2363 2080 2409 haec
2102 2361 2426 2425 presentibus,
2455 2377 2716 2427 omnesque

521 2457 583 2493 ea
622 2439 888 2491 laudarunt.
952 2438 1041 2487 Me
1060 2452 1171 2487 vero
1205 2438 1267 2487 ad
1289 2438 1415 2488 idem
1436 2439 1649 2488 hortatus
1680 2446 1755 2489 est
1785 2440 1993 2492 Callias:
2030 2451 2344 2509 rogaruntque
2377 2443 2551 2508 eligere
2586 2446 2716 2495 arbi·

524 2532 664 2574 uum.
730 2521 800 2570 At
819 2535 927 2585 ego,
949 2518 1065 2568 Non
1085 2519 1243 2584 decet,
1271 2519 1485 2584 inquam,
1518 2519 1732 2581 judicem
1757 2522 1868 2572 huic
1889 2523 2199 2587 disputationi
2222 2525 2473 2587 praeficere.
2522 2540 2634 2573 nam
2672 2525 2715 2574 ai

519 2604 658 2654 nobis
676 2601 933 2667 imperitior
948 2600 1038 2648 erit
1051 2600 1222 2664 judex,
1243 2599 1474 2664 injustum
1496 2601 1586 2648 erit
1607 2610 1661 2649 ut
1680 2601 1883 2651 deterior
1914 2604 2085 2668 aliquis
2118 2604 2381 2669 potioribus
2410 2607 2572 2670 praesit
2587 2625 2601 2654 :
2637 2608 2716 2656 sin

519 2692 675 2734 autem
718 2682 902 2741 similis,
938 2694 1095 2745 neque
1134 2696 1287 2729 rursus
1323 2688 1447 2729 recte
1482 2682 1554 2729 ita
1586 2689 1766 2745 agetur.
1800 2683 1966 2731 similis
2003 2686 2131 2734 enim
2161 2686 2301 2734 nobis
2343 2686 2518 2736 similia
2553 2689 2719 2740 faciet.

520 2764 824 2828 Quapropter
842 2775 1157 2828 supervacuus
1176 2760 1284 2809 erit.
1346 2760 1722 2810 Praestantiorem
1744 2777 1854 2811 vero
1876 2763 2014 2813 nobis
2049 2779 2319 2828 quenquam
2340 2766 2515 2830 eligere
2536 2769 2720 2833 impos·

517 2840 653 2895 sibile
670 2858 830 2894 revera
849 2851 940 2900 est,
960 2848 1015 2890 ut
1033 2840 1259 2902 arbitron
1290 2842 1472 2907 quippe
1493 2857 1600 2890 cum
1629 2841 1887 2908 Protagora
1917 2845 2010 2894 boc
2038 2844 2295 2909 sapientior
2324 2846 2445 2894 alius
2472 2848 2587 2912 eligi
2627 2866 2720 2900 ne.

514 2933 678 2991 queat.
711 2925 842 2989 quod
863 2923 905 2973 si
923 2938 1068 2989 quem
1082 2920 1320 2987 'elegeritis
1339 2921 1492 2971 nihilo
1511 2922 1791 2986 doctiorem,
1825 2925 2041 2974 asseretis
2072 2933 2247 2990 tamen,
2287 2926 2509 2975 dedecori
2542 2930 2723 2981 Prota-

514 3020 643 3070 gora
672 3007 766 3056 hoc
800 3005 1006 3063 dabitur,
1037 3005 1168 3070 quod
1199 3003 1274 3053 illi
1303 3011 1526 3069 tanquam
1566 3004 1714 3053 inscio
1741 3014 1793 3054 et
1820 3004 2018 3070 ignobili
2057 3006 2280 3054 arbitrum
2313 3007 2722 3072 praescripseritis,

512 3085 633 3134 Mea
648 3102 758 3136 veno
774 3086 892 3136 nibil
908 3085 1121 3136 interest.
1151 3093 1359 3135 ceterum
1381 3093 1437 3133 ut
1455 3086 1696 3149 disputare
1715 3101 1964 3151 pergamus
1985 3087 2383 3152 quemadmodum
2417 3089 2616 3154 cupitis,
2648 3095 2721 3143 ita

509 3166 632 3215 mibi
668 3168 855 3217 videtur
883 3168 1138 3231 agendum.
1202 3168 1256 3216 Si
1289 3182 1390 3216 non
1426 3167 1533 3216 vult
1565 3168 1851 3231 respondere
1891 3167 2192 3232 Protagoras,
2232 3168 2491 3233 interroget
2526 3172 2718 3234 saltem,

510 3261 606 3311 ego
625 3255 783 3296 autem
800 3247 1101 3309 respondebo
1119 3260 1136 3306 ς
1168 3247 1312 3309 eique
1334 3249 1542 3296 conabor
1564 3249 1830 3302 ostendere,
1852 3264 1950 3309 quo
1972 3256 2114 3309 pacto
2135 3250 2420 3309 respondere
2436 3251 2543 3312 quis
2562 3251 2719 3313 alteri,

513 3342 622 3375 meo
654 3326 862 3390 judicio,
898 3326 1087 3373 debeat.
1153 3324 1411 3387 Postquam
1446 3342 1539 3385 ego
1569 3324 1637 3369 illi
1672 3325 1734 3370 ad
1761 3326 2022 3387 quamlibet
2054 3325 2159 3389 ejus
2194 3326 2607 3391 interrogationem
2643 3349 2719 3384 re-

511 3405 814 3471 gpomionem
834 3400 1032 3461 dedero,
1052 3412 1208 3446 rursus
1226 3398 1311 3446 ille
1331 3398 1449 3447 mihi
1471 3400 1669 3449 similem
1686 3417 1947 3452 sermonem
1961 3404 2199 3469 subjiciat.
2221 3407 2262 3454 si
2283 3408 2404 3457 forte
2425 3411 2719 3474 tergiversari

514 3484 768 3537 ¹videbitur,
808 3493 898 3543 ego
930 3477 1070 3526 simul
1109 3485 1161 3526 et
1179 3491 1266 3526 vos
1284 3492 1393 3528 enm
1417 3480 1670 3538 orabimus,
1702 3484 2101 3545 quemadmodum
2124 3503 2207 3535 vos
2228 3503 2303 3536 me
2324 3505 2452 3539 nunc
2471 3493 2633 3557 oratis,
2657 3512 2720 3547 ne

511 3572 688 3615 coetum
708 3559 951 3610 dissolvat.
1015 3556 1191 3624 Neque
1215 3574 1323 3609 vero
1360 3576 1483 3624 opus
1522 3568 1597 3610 est
1625 3561 1768 3626 hujus
1795 3565 1945 3629 gratia
1971 3580 2211 3616 censorem
2252 3585 2398 3618 unum
2426 3587 2712 3637 proponere.

514 3661 601 3694 vos
620 3642 745 3693 enim
767 3654 933 3689 omnes
953 3654 1051 3688 una
1069 3640 1342 3690 censebitis.
1408 3641 1767 3692 Consenserunt
1798 3658 1962 3695 ornnes
1994 3646 2063 3695 ita
2091 3663 2194 3697 esse
2225 3651 2480 3713 agendum.
2544 3653 2714 3705 Prota-

516 3739 653 3791 goras
672 3730 831 3771 autem
850 3720 1027 3770 invitus
1047 3721 1109 3771 ad
1146 3722 1249 3771 hoc
1282 3723 1572 3772 descendere
1601 3724 1864 3776 videbatur.
1899 3728 2091 3778 tandem
2127 3732 2389 3780 concedere
2422 3741 2616 3783 coactus
2638 3746 2713 3786 est

512 3805 904 3867 interrogaturum
926 3818 996 3862 se,
1015 3810 1068 3853 et
1088 3810 1339 3870 postquam
1364 3805 1477 3854 satis
1498 3806 1866 3871 interrogaverit,
1908 3808 2108 3857 breviter
2127 3826 2473 3874 responsurum.
2540 3814 2713 3881 Itaque

513 3886 565 3953 in
596 3886 726 3933 hunc
760 3884 952 3932 modum
991 3884 1278 3950 interrogare
1317 3884 1497 3951 coepit:
1531 3886 1762 3946 Arbitror,
1805 3904 1836 3937 o
1873 3889 2107 3945 Socrates.
2149 3892 2438 3956 precipuam
2479 3894 2711 3945 doctrina

513 3974 693 4031 partem
715 3966 873 4014 inboc
892 3966 1165 4024 consistere,
1200 3976 1257 4015 ut
1274 3968 1381 4031 quis
1416 3968 1469 4016 in
1500 3968 1787 4017 carminibus
1814 3970 1994 4033 peritus
2024 3972 2213 4021 eradat.
2248 3972 2397 4039 [8³9]
2431 3974 2520 4022 Est
2549 3984 2710 4027 autem

513 4048 624 4104 hoc,
646 4053 700 4093 ut
720 4045 968 4110 poetarum
990 4046 1119 4096 dicta
1137 4047 1405 4112 intelligere
1420 4046 1588 4114 possit,
1627 4066 1735 4114 quae
1758 4050 1941 4101 scilicet
1963 4061 2090 4102 recte
2112 4069 2163 4101 se
2183 4054 2410 4112 habeant,
2445 4069 2553 4119 quo
2573 4072 2705 4107 non:

511 4126 729 4191 sciatque
749 4126 1011 4175 discernere
1030 4143 1046 4187 ς
1078 4136 1127 4175 et
1145 4144 1254 4178 cum
1275 4129 1600 4195 interrogatur,
1638 4133 1834 4181 reddere
1856 4133 2099 4183 rationem.
2169 4133 2235 4182 Et
2268 4150 2395 4184 nunc
2417 4137 2609 4200 quidem
2629 4139 2708 4187 in-

512 4207 768 4271 terrogabit
784 4207 905 4255 forte
924 4206 1156 4270 quispiam
1177 4210 1239 4258 de
1260 4226 1319 4259 eo
1341 4214 1470 4276 quod
1497 4214 1682 4278 utrique
1702 4213 1838 4261 simul
1875 4214 2230 4279 investigamus,
2254 4216 2317 4264 de
2335 4218 2508 4266 virtute
2538 4220 2707 4267 videli-

511 4295 606 4335 cet.
668 4287 764 4337 Sed
778 4289 871 4336 hoc
891 4286 1115 4347 intererit,
1137 4293 1337 4354 quodid
1360 4294 1421 4341 ad
1443 4295 1654 4343 carmina
1673 4293 1991 4346 transferetur.
2057 4296 2195 4345 Dicit
2213 4298 2339 4345 enim
2361 4297 2629 4349 Simonides
2645 4300 2708 4348 ad

510 4367 714 4434 Scopam
747 4368 965 4419 Creontis
991 4368 1247 4421 Thessalici
1280 4373 1449 4432 filium,
1482 4375 1676 4423 difficile
1708 4391 1810 4424 esse
1829 4375 1979 4424 virum
2001 4392 2109 4427 vere
2141 4378 2317 4425 bonum
2339 4378 2458 4436 fleri,
2489 4381 2706 4429 manibus

508 4450 804 4517 pedibusque
824 4457 875 4500 et
894 4457 1050 4501 mente
1071 4459 1369 4518 tetragonum
1387 4455 1440 4504 id
1476 4463 1549 4503 est
1581 4456 1956 4520 quadrangulum
1989 4460 2167 4523 absque
2189 4458 2534 4523 vituperatione
2565 4460 2707 4510 fabri·
