2917 4975
184 415 336 493 243]
1058 409 1489 476 rumonus,
2334 427 2373 485 9
2393 488 2418 500 ,

182 579 507 637 morantes,oe
522 573 587 622 de
601 573 809 638 irimque}
823 572 1040 632 diximus,
1053 573 1393 639 colloquentes,
1406 590 1515 624 cum
1531 572 1730 640 primum
1743 573 1987 640 refrixerit,
2003 583 2116 626 tunc
2132 578 2374 633 abeamus.

184 653 276 702 So.
341 653 553 703 Divinus
581 654 775 703 eacirca
804 669 1056 715 semones,
1088 670 1118 703 o
1150 654 1368 713 madre,
1401 671 1457 705 ac
1479 670 1586 704 vere
1618 654 1857 705 mirabilis.
1922 656 2117 706 arbitror
2135 660 2382 722 equidem,

183 733 468 791 orationum,
489 749 600 799 qua
623 734 714 782 tuis
730 733 1019 798 temporibus
1040 732 1214 782 habito
1246 742 1376 797 sunt,
1409 734 1643 784 neminem
1677 735 1888 799 pluribus
1907 744 2145 802 auctorem
2166 755 2381 789 causam·

182 827 280 877 que
316 813 478 871 fuisse,
515 829 658 878 quam
694 822 761 878 te,
797 813 895 863 sive
927 813 1052 863 ultro
1087 815 1310 872 diceudo,
1344 816 1446 864 sive
1483 831 1676 880 quoquo
1710 816 1860 864 modo‘
1881 816 1999 864 alios
2027 820 2378 883 compellendo.

187 892 429 941 Simmiam
448 894 727 943 Tbebanum
747 895 967 959 excipio:
1001 894 1119 944 alios
1150 910 1259 943 vero
1294 883 1728 960 longe‘antecellis.
1794 901 1845 944 et
1878 910 2007 944 nunc
2038 898 2210 947 videris
2232 915 2379 949 causa

188 971 351 1036 fuisse,
373 982 428 1022 ut
448 973 609 1038 aliqua
625 988 656 1021 a
676 989 753 1022 me
772 975 924 1024 oratio
942 975 1186 1024 habeatur.
1238 974 1382 1023 Pam.
1433 973 1548 1023 Non
1571 982 1623 1022 ιιι
1647 975 1822 1024 bellum
1842 990 1955 1024 sane
1977 976 2243 1027 denuntias.
2294 981 2380 1030 sed

190 1066 400 1115 quonam
422 1054 584 1111 modo,
605 1061 656 1102 et
676 1069 783 1118 qum
814 1054 998 1102 oratio?
1034 1047 1150 1102 ‘So.
1213 1054 1335 1104 Cum
1372 1054 1546 1103 flumen
1579 1055 1854 1103 transiturus
1884 1070 2052 1114 essem,
2074 1057 2382 1122 damonium,

190 1141 241 1180 et
259 1133 454 1182 solitum
475 1134 593 1182 mihi
612 1134 713 1182 fieri
732 1133 934 1198 signum,
958 1134 1133 1183 factum
1151 1142 1250 1184 est:
1271 1136 1401 1199 quod
1436 1150 1549 1183 sane
1582 1136 1769 1198 quoties
1798 1135 1988 1193 accidit,
2023 1139 2151 1201 quod
2174 1138 2381 1188 facturus

193 1227 338 1276 eram,
369 1229 509 1278 agere
542 1214 775 1279 prohibet.
806 1214 920 1262 hinc
940 1230 1105 1263 vocem
1127 1214 1288 1263 audire
1322 1215 1445 1264 visus
1483 1230 1607 1277 sum,
1639 1229 1747 1278 quo
1783 1215 1911 1262 abire
1949 1231 2025 1263 me
2064 1224 2212 1282 vetat,
2241 1226 2378 1267 ante.

194 1307 337 1355 quam
368 1293 821 1358 expiarerim,quasi
835 1293 1019 1357 aliquid
1034 1293 1306 1357 deliquerim
1324 1309 1432 1358 erga
1452 1293 1631 1344 Deum.
1693 1294 1808 1341 Sum
1838 1294 1980 1358 igitur
2009 1303 2140 1345 vates
2168 1298 2383 1362 quidem,

195 1379 245 1421 at
258 1388 563 1438 nequaquam
595 1375 764 1437 bonus,
803 1374 888 1422 sed
925 1374 1319 1437 quemadmodum
1359 1372 1446 1438 qui
1482 1373 1605 1421 male
1642 1372 1800 1422 sciunt
1835 1373 2011 1435 literas,
2049 1386 2279 1438 quantum
2324 1378 2385 1425 ad

194 1467 272 1500 me
292 1454 452 1515 ipsum
474 1451 726 1501 sufficiens.
757 1453 884 1502 clare
904 1453 1066 1515 itaque
1082 1452 1182 1516 jam
1203 1453 1421 1515 intelligo
1442 1452 1670 1500 delictum
1701 1466 1876 1499 meum.
1899 1452 2149 1514 siquidem,
2169 1468 2198 1500 o
2220 1454 2389 1513 amice,

198 1532 417 1597 pasagii
438 1533 669 1596 quiddam
702 1531 844 1578 etiam
877 1539 952 1578 est
973 1531 1023 1577 in
1045 1531 1219 1577 auimo.
1249 1546 1326 1578 me
1349 1531 1479 1577 enim
1501 1528 1755 1577 commovit
1774 1535 1825 1576 et
1844 1535 1999 1586 antea,
2020 1529 2133 1577 dum
2156 1530 2393 1595 loquebar.

197 1613 331 1660 unde
352 1610 708 1675 quodammodo
718 1610 925 1665 verebar,
946 1624 1029 1670 ne,
1052 1624 1158 1656 cum
1175 1608 1295 1656 forte
1309 1608 1569 1656 secundum
1585 1606 1787 1671 Ibycum
1806 1609 1932 1669 apud
1951 1606 2082 1657 Deos
2097 1609 2391 1678 deliquerim,

194 1691 335 1755 apud
371 1689 591 1737 homines
625 1687 816 1751 gloriam
838 1701 1112 1749 consequar.
1177 1687 1321 1734 Nunc
1342 1687 1514 1743 sentio,
1537 1685 1586 1732 in
1608 1679 1708 1750 quo
1726 1686 2017 1750 deliquerim.
2084 1688 2223 1741 Pan.
2257 1692 2390 1749 Quid

194 1770 311 1826 est?
377 1768 468 1817 So.
535 1768 758 1828 Gravem,
788 1782 821 1814 o
853 1765 1071 1829 Plnedre,
1101 1780 1303 1829 gravem,
1334 1766 1553 1829 inquam,
1598 1780 1855 1814 sermonem
1899 1774 1950 1815 et
1994 1774 2044 1815 tu
2077 1769 2295 1829 attulisti,
2340 1779 2392 1822 et

202 1866 279 1898 me
315 1848 476 1897 dicere
508 1845 793 1910 compulisti.
854 1844 998 1892 Pam.
1063 1845 1283 1902 Quonam
1328 1846 1508 1909 pacto?
1573 1845 1659 1894 So.
1689 1845 1912 1904 Stultum,
1947 1855 1998 1896 et
2038 1851 2388 1912 quodammodo

202 1930 431 1993 impium:
465 1942 563 1992 quo
594 1927 700 1990 quis
732 1925 912 1989 gravior
947 1939 1048 1974 esse
1080 1926 1271 1988 potest?
1335 1926 1477 1977 Pam.
1543 1924 1738 1983 Nullus,
1772 1927 1811 1973 si
1845 1934 1898 1974 tu
1932 1943 2040 1975 vera
2070 1945 2241 1977 narras.
2305 1931 2390 1984 So.

205 2011 339 2070 Quid
376 2008 542 2058 enim?
606 2007 828 2055 Amorem
849 2020 1011 2054 nonne
1047 2004 1247 2054 Veneris
1286 2005 1453 2065 filium,
1496 2013 1547 2055 et
1566 2005 1726 2054 Deum
1756 2005 1961 2071 aliquem
2003 2011 2179 2072 putas?
2244 2011 2389 2063 Prrz.

204 2091 397 2141 Dicitur
428 2088 640 2153 quidem.
706 2088 787 2136 So.
824 2085 937 2134 Non
972 2094 1129 2135 tamen
1167 2101 1198 2134 a
1237 2086 1403 2151 Lysia,
1446 2102 1603 2151 neque
1637 2103 1668 2135 a
1708 2102 1920 2137 sermone
1951 2096 2054 2147 tuo,
2092 2089 2175 2153 qui
2217 2106 2303 2155 per
2338 2106 2392 2139 os

207 2187 364 2221 meum
385 2172 471 2218 abs
491 2175 556 2226 te,
576 2167 713 2232 quasi
736 2167 940 2232 quadam
959 2166 1283 2215 incantatione
1314 2166 1624 2225 demulctum,
1647 2167 1857 2232 prolatus
1878 2175 1967 2216 est.
2030 2168 2083 2217 Si
2120 2176 2278 2218 autem
2301 2178 2391 2229 est,

208 2260 264 2299 ut
282 2259 409 2300 eene
422 2256 513 2306 eat,
527 2247 662 2296 Deus
676 2254 762 2294 aut
772 2246 982 2300 divinum
1000 2246 1228 2311 quiddam
1250 2245 1414 2307 Amor,
1437 2246 1612 2294 malum
1631 2247 1795 2310 utique
1816 2262 1912 2294 non
1926 2255 2067 2299 esset.
2090 2256 2142 2296 at
2156 2265 2393 2300 sermones

208 2332 271 2380 de
292 2330 393 2386 illo,
415 2328 550 2394 quasi
574 2328 745 2375 malum
761 2334 904 2384 esset,
927 2326 1075 2375 babiti
1106 2333 1234 2377 sunt.
1267 2325 1317 2373 in
1342 2326 1437 2374 hoc
1470 2341 1582 2388 ergo
1604 2326 1824 2373 adversus
1849 2325 2071 2373 Amorem
2089 2327 2395 2388 deliquimus.

205 2412 337 2476 atqui
358 2412 494 2459 valde
508 2409 686 2473 inepte
696 2407 1123 2471 disputationeshae
1139 2414 1312 2455 nostrae
1324 2405 1561 2463 videntur,
1576 2404 1788 2467 quamvis
1804 2405 1990 2451 urbanae
2014 2419 2151 2468 :quae
2161 2420 2268 2452 cum
2279 2407 2401 2455 nihil

203 2494 437 2542 sincerum
474 2503 729 2552 verumque
760 2487 1055 2544 contineant,
1092 2487 1349 2551 gloriantur
1384 2493 1564 2548 tamen,
1603 2491 1825 2549 tanquam
1855 2483 2107 2548 plurimum
2132 2484 2336 2550 valeant,
2360 2486 2402 2537 si

205 2573 501 2622 homunculis
521 2568 763 2618 nonnullis
789 2568 1005 2632 deceptis
1022 2568 1359 2632 approbentur.
1423 2566 1539 2614 mihi
1571 2564 1727 2630 igitur,
1760 2581 1790 2613 o
1811 2563 1979 2628 amice,
2009 2565 2186 2630 expiari
2208 2583 2400 2618 necesse

204 2662 292 2703 est.
356 2652 502 2717 [24³]
570 2648 658 2697 Est
690 2655 849 2697 autem
878 2647 971 2705 his,
1003 2648 1087 2712 qui
1120 2647 1486 2706 confabulando,
1507 2653 1725 2712 peccam,
1763 2646 1970 2711 expiatio
2001 2646 2218 2710 quaedam
2248 2655 2400 2706 vetus,

203 2749 345 2800 quam
376 2732 611 2779 Homerus
632 2744 728 2777 non
748 2727 897 2785 novit.
923 2727 1007 2774 sed
1044 2727 1351 2776 Stesichorus.
1415 2726 1567 2776 oculis
1595 2726 1720 2774 enim
1744 2726 1951 2801 privatus
1972 2725 2035 2774 ob
2055 2725 2255 2774 Helena
2276 2725 2404 2775 vitu.

204 2814 509 2879 perationem,
529 2823 627 2856 non
646 2806 882 2870 ignoravit
910 2806 1136 2852 cecitatis
1161 2820 1369 2863 causum,
1400 2815 1455 2853 ut
1476 2806 1730 2867 Homerus,
1758 2807 1839 2854 sed
1871 2813 2037 2868 utpote
2070 2806 2272 2856 musicus
2291 2823 2399 2856 eam

203 2892 413 2958 agnovit.
441 2890 604 2952 itaque
625 2886 781 2935 statim
801 2884 885 2932 illa
904 2883 1020 2932 fecit
1041 2884 1266 2942 carmina,
1306 2887 1340 2914 ‘⁴
1359 2883 1475 2932 Non
1497 2901 1632 2933 verus
1651 2900 1811 2957 ‘sermo
1835 2883 1914 2932 ille
1937 2884 2054 2933 fuit:
2091 2901 2181 2935 nec
2202 2888 2401 2936 navibus

201 2974 307 3024 altis
328 2969 482 3020 Existi
502 2968 709 3032 fugiens,
730 2980 820 3014 nec
851 2964 994 3012 adisti
1016 2963 1244 3028 Pergama
1273 2963 1482 3028 Trojae.”
1546 2971 1690 3027 atque
1722 2964 1791 3012 ita
1821 2964 1953 3011 edito
1987 2963 2228 3026 poemate,
2259 2981 2402 3028 quam

206 3050 515 3119 wlfingum,
551 3048 601 3096 id
643 3054 736 3108 eet,
777 3052 966 3094 cantum
1008 3045 1312 3109 contrarium,
1352 3050 1548 3105 vocant,
1602 3042 1853 3090 confestim
1906 3042 2060 3088 visum
2112 3045 2408 3105 recuperavit

205 3133 444 3183 amissura.
510 3129 616 3190 Ego
639 3131 797 3173 autem
817 3125 866 3172 in
886 3125 980 3172 hoc
998 3138 1079 3170 ero
1100 3125 1309 3185 utrisque
1334 3121 1608 3183 sapientior,
1626 3119 1776 3182 quod,
1798 3124 2050 3181 antequam
2073 3119 2260 3169 accidat
2289 3121 2407 3173 mibi

202 3213 467 3279 quidquam
484 3205 597 3254 mali
609 3205 673 3252 ob
689 3203 876 3250 Amoris
886 3201 1301 3264 vituperationem,
1313 3200 1522 3248 conabor
1535 3197 1605 3245 illi
1621 3197 1905 3261 palinodiam
1918 3198 2131 3262 reddere,
2146 3207 2196 3248 et
2212 3200 2403 3265 quidem

206 3300 371 3356 aperto
395 3286 577 3350 capite,
593 3297 712 3339 nou,
733 3289 788 3328 ut
805 3295 964 3344 supra,
982 3280 1047 3328 ob
1066 3280 1395 3328 verecundiam
1417 3278 1590 3327 velato.
1656 3278 1796 3326 Pan.
1859 3277 1952 3327 His
1973 3294 2101 3345 vero,
2122 3296 2151 3329 o
2172 3280 2405 3343 Socrates,

204 3371 319 3421 nihil
369 3365 491 3414 mibi
533 3362 712 3427 gratius
751 3359 934 3409 efficere
972 3375 1150 3424 posses.
1212 3359 1299 3410 So.
1366 3357 1556 3407 Etenim
1598 3357 1872 3422 meministi,
1919 3373 1951 3406 o
2003 3358 2221 3423 Phaedre,
2261 3356 2404 3431 qu'am

206 3449 512 3516 inpudenter
531 3459 591 3493 ex
611 3441 733 3490 libro
752 3440 925 3490 lectum
944 3448 1034 3498 est,
1056 3447 1107 3489 et
1126 3456 1153 3490 a
1177 3456 1252 3490 me
1272 3441 1378 3505 ipso
1396 3454 1588 3504 quoque
1610 3440 1672 3487 de
1692 3446 1902 3488 amatore
1934 3439 2131 3489 dietum.
2196 3442 2342 3500 Quod
2364 3443 2407 3492 ai

212 3542 463 3596 generosus
482 3524 555 3572 vir
584 3521 754 3586 aliquis
788 3528 839 3570 et
863 3522 1121 3579 modestus,
1153 3521 1236 3586 qui
1267 3519 1468 3570 similem
1502 3520 1592 3568 sibi
1624 3519 1768 3567 alium
1790 3524 1919 3568 amet
1952 3528 2037 3567 aut
2054 3521 2297 3585 amaverit,
2317 3538 2406 3572 nos

212 3612 371 3659 audiat
389 3607 625 3668 diceutes,
643 3602 773 3666 quod
794 3608 1005 3651 amantes
1025 3603 1088 3653 ob
1109 3600 1324 3649 minimas
1355 3614 1522 3648 causas
1543 3614 1672 3663 sepe
1705 3598 1926 3646 maximas
1955 3598 2229 3648 inimicitias
2260 3598 2410 3649 susci-

213 3699 329 3747 tant,
350 3696 404 3737 et
421 3684 575 3734 invidi
597 3682 763 3730 amatis
785 3681 1129 3745 perniciodque
1161 3686 1291 3738 sunt,
1314 3678 1528 3728 homines
1559 3679 1722 3727 audire
1754 3693 1805 3726 se
1824 3678 2120 3726 arbitrabitur
2140 3679 2189 3726 in
2211 3679 2408 3728 navibus

213 3772 456 3824 educatos,
476 3765 560 3830 qui
595 3762 834 3810 liberalem
855 3776 1058 3809 amorem
1094 3759 1301 3824 aliquem
1334 3774 1578 3823 nunquam
1614 3757 1923 3822 inspexerint,
1960 3772 2115 3821 neque
2146 3758 2243 3806 ullo
2266 3759 2409 3807 modo

214 3850 348 3898 nobis
389 3845 640 3900 concedet,
682 3857 790 3907 quar
830 3842 880 3889 in
923 3840 1109 3890 Amoris
1151 3839 1542 3905 vituperationem
1578 3838 1874 3887 adducimus.
1938 3836 2080 3886 Pria.
2147 3836 2287 3885 Forte
2327 3852 2415 3902 per

217 3930 403 3986 Jovem,
423 3943 454 3975 o
476 3927 711 3975 Socrates.
775 3921 860 3970 So.
925 3920 1071 3970 Hunc
1107 3937 1199 3985 ego
1216 3920 1458 3969 hominem
1480 3919 1673 3982 veritus,
1693 3924 1744 3965 et
1765 3917 1986 3964 Amorem
2004 3915 2156 3977 ipsum
2178 3923 2411 3975 metuens,

218 4011 356 4074 cupio
391 4007 542 4056 veluti
579 4002 779 4070 potabili
815 4002 1028 4050 oratione
1065 4001 1237 4049 salsum
1277 3999 1411 4048 illum
1443 3998 1727 4062 auribusque
1747 3995 1918 4045 nostris
1938 3993 2130 4042 noxium
2152 4010 2412 4044 sennonem

221 4090 413 4138 diluere.
477 4085 691 4135 Consule
711 4083 827 4148 quin
848 4082 989 4130 etiam
1013 4079 1192 4144 Lysim,
1213 4086 1268 4129 ut
1288 4093 1431 4144 quam
1446 4076 1648 4143 primum
1672 4076 1860 4132 scribat,
1877 4075 2052 4122 amanti
2073 4074 2252 4138 potius,
2272 4090 2414 4139 quam

223 4185 315 4218 non
352 4167 549 4225 amanti,
590 4182 649 4214 ex
688 4162 917 4212 similibus
956 4161 1315 4224 indulgendum.
1379 4159 1523 4209 Pax.
1587 4157 1665 4206 Ita
1701 4156 1908 4204 futurum
1941 4158 2070 4201 certo
2106 4153 2241 4202 seito.
2303 4168 2414 4200 nam

230 4257 472 4314 postquam
506 4254 559 4294 ιιι
592 4252 847 4294 amatorem
882 4242 1162 4297 laudaveris,
1196 4254 1388 4289 necesse
1420 4240 1526 4295 erit,
1558 4237 1772 4303 Lysiam,
1800 4243 1856 4283 ut
1883 4233 2049 4282 eadem
2080 4234 2266 4289 scribat,
2290 4246 2319 4278 a
2339 4244 2417 4276 me

237 4327 469 4393 compelli.
535 4326 624 4374 So.
674 4322 831 4374 Credo
852 4322 1089 4387 equidem,
1123 4320 1367 4388 quamdiu,
1406 4319 1491 4383 qui
1524 4333 1652 4366 nunc
1674 4332 1743 4373 es,
1778 4314 1939 4364 fueris.
2006 4312 2148 4361 Pura.
2212 4310 2308 4357 Die
2330 4321 2421 4370 age

240 4407 343 4455 torti
362 4407 540 4455 animo.
606 4406 695 4454 So.
740 4402 867 4468 Eju:
898 4402 982 4454 ubl
1017 4401 1130 4453 mibi
1152 4416 1271 4469 puer
1289 4401 1373 4451 ille
1392 4400 1547 4465 adest,
1578 4398 1640 4450 ad
1661 4410 1804 4461 quem
1840 4392 2124 4457 811μῆοω
2154 4399 2420 4515 ’anguem
