2917 4975
184 460 341 539 222]
880 467 884 471 <
1050 464 1544 526 coNvlva.
2274 476 2396 535 425

185 628 239 669 te
266 619 313 668 in
340 622 515 685 primis,
538 614 569 672 o
590 611 821 679 Socrates,
862 625 1152 686 obsecrante,
1189 626 1239 670 u't
1279 616 1409 679 milii,
1443 640 1538 672 non
1575 626 1679 683 tibi,
1717 628 1865 677 honor
1887 630 2196 681 exhiberetur.
2263 634 2390 682 Illud

181 716 382 766 quoque
402 704 596 767 dignum
620 713 693 752 est
713 711 986 761 memoratu,
1008 706 1402 767 quemadmodum
1424 706 1543 769 fuga
1565 715 1822 756 nostrorum
1846 711 1972 773 apud
2012 711 2158 778 [221]
2196 713 2392 762 Delium

181 783 318 833 sacta
355 799 405 832 se
440 784 656 833 Socrates
690 785 848 848 gessit.
884 799 991 831 nam
1028 784 1220 832 interfui
1259 800 1451 849 quoque
1491 788 1603 836 huic
1641 789 1824 852 proelio,
1860 798 1911 838 et
1945 792 2136 855 quidem
2178 808 2234 841 ex
2266 809 2393 859 equo

184 880 428 929 pugnans,
452 881 558 914 cum
597 866 811 914 Socrates
848 865 950 928 ipse
987 866 1133 927 pedes
1154 873 1293 915 esset.
1362 867 1630 932 Profligatis
1672 870 1817 934 igitur
1853 873 2020 920 nostris
2058 888 2114 922 ac
2149 874 2261 938 fuga
2290 873 2393 937 jam

180 945 399 992 omniurn
423 946 565 1003 t'acta,
587 946 800 996 Socrates
820 961 916 994 una
952 953 1003 994 et
1022 945 1206 995 Laclnes
1239 948 1411 1011 pedem
1445 949 1725 1001 referebant.
1761 959 1904 1015 atque
1937 967 2044 1017 ego,
2079 969 2188 1003 cum
2220 954 2269 1002 in
2303 955 2415 1003 hos*

178 1038 303 1073 casu
328 1024 614 1083 incidissem,
638 1027 762 1074 bono
784 1026 939 1075 animo
960 1040 1063 1075 csse
1078 1025 1219 1088 jussi,
1242 1042 1412 1092 meque
1434 1045 1676 1094 nunquam
1695 1032 1988 1081 deserturum
2012 1049 2094 1082 cos
2117 1035 2232 1083 dixi.
2297 1034 2392 1084 Hic

181 1105 336 1168 igitur
356 1121 415 1154 eo
438 1106 603 1155 melius
641 1108 850 1171 aspicere
872 1108 1008 1172 potui
1032 1108 1270 1157 Socratem
1304 1124 1444 1171 qnam
1469 1111 1597 1173 apud
1635 1110 1917 1169 Potidaeam,
1947 1127 2042 1176 quo
2063 1114 2166 1178 ipse
2189 1115 2394 1163 conlisus

178 1201 315 1249 equo
338 1188 491 1235 minus
528 1188 851 1238 formidabam.
918 1187 1128 1238 Primum
1153 1187 1299 1251 igitur
1319 1188 1493 1236 intueri
1526 1189 1717 1253 licebat,
1753 1199 1931 1254 quanta
1953 1193 2172 1241 cautione
2194 1209 2250 1243 ac
2274 1211 2393 1259 prae·

181 1264 313 1312 senti
333 1266 491 1314 animo
514 1266 721 1316 Lachem
743 1274 983 1332 superaret
1003 1284 1016 1314 ε
1041 1267 1216 1315 deinde
1242 1266 1357 1314 mihi
1378 1268 1508 1315 visus
1529 1275 1620 1326 est,
1643 1285 1673 1315 o
1700 1268 2059 1333 Aristophanes,
2075 1272 2202 1335 quod
2222 1273 2395 1336 etipse

182 1345 277 1401 ais,
300 1346 363 1392 ibi
384 1361 482 1394 non
508 1347 645 1395 aliter
663 1364 802 1412 quam
825 1348 904 1397 hic
920 1347 1137 1396 incedere
1158 1348 1402 1410 superbus,
1419 1355 1469 1397 et
1486 1348 1634 1397 oculis
1651 1350 1810 1412 quiete
1828 1350 1985 1398 omnia
2001 1351 2394 1410 circumlustrans,

180 1434 424 1489 cauteque
445 1428 714 1476 examinans
738 1427 939 1491 singula.
976 1429 1135 1476 hostes
1162 1428 1401 1491 ‘siquidem
1431 1429 1652 1494 civesque
1685 1430 1890 1478 vicissim
1926 1431 2222 1494 respiciebat,
2244 1431 2393 1480 oculis

178 1513 233 1553 et
250 1514 446 1568 aspectu
467 1507 717 1572 prmierens
735 1509 1084 1572 ostendensque
1103 1507 1176 1556 vel
1194 1510 1538 1572 remotioribus,
1557 1510 1594 1556 si
1617 1510 1722 1573 quis
1743 1525 1851 1557 eum
1873 1510 2085 1568 invadat,
2107 1526 2202 1558 non
2227 1525 2327 1558 esse
2345 1511 2394 1560 id

183 1588 390 1649 impune
410 1587 658 1634 facturum.
712 1587 882 1653 Itaque
902 1594 1003 1637 tute
1027 1589 1188 1636 abibat
1208 1598 1259 1637 ct
1279 1588 1383 1653 ipse
1405 1598 1454 1638 et
1475 1590 1607 1637 alter.
1642 1590 1785 1639 ferme
1807 1591 1933 1637 enirn
1956 1590 2039 1653 qui
2060 1591 2127 1637 ita
2146 1590 2394 1648 incedunt,

184 1674 334 1714 nemo
371 1679 457 1714 eos
494 1666 693 1723 invadit,
736 1668 820 1716 sed
858 1683 957 1724 eos,
995 1668 1077 1731 qui
1114 1668 1265 1715 effusa
1294 1669 1408 1732 fuga
1444 1668 1739 1719 deteruntur.
1803 1668 1864 1716 In
1898 1667 2055 1717 multis
2077 1669 2268 1733 quidem
2292 1669 2397 1719 aliis

182 1745 389 1794 mirifice
413 1744 590 1793 laudari
625 1747 839 1795 Socrates
875 1753 1050 1811 potest,
1086 1748 1169 1795 sed
1203 1747 1315 1795 talia
1348 1756 1478 1810 sunt,
1514 1756 1567 1795 ut
1603 1748 1745 1797 ceteri
1778 1764 1969 1813 quoque
2002 1749 2155 1797 forsan
2177 1750 2394 1798 nonnulli

186 1826 398 1875 eandem
423 1824 611 1874 laudem
636 1834 930 1875 mereantur:
967 1843 1126 1875 verum
1164 1827 1244 1875 illa
1266 1828 1507 1891 praecipua
1540 1828 1588 1876 in
1612 1829 1721 1891 isto,
1753 1844 1838 1892 per
1858 1844 1965 1893 quae
1996 1829 2174 1878 nemini
2196 1828 2394 1878 aliorum

184 1906 460 1970 hominum,
493 1920 650 1970 neque
672 1908 969 1972 antiquorum
1014 1920 1171 1971 neque
1202 1923 1450 1965 novorum,
1489 1923 1594 1957 esse
1623 1908 1785 1957 similis
1818 1907 2060 1973 reperitur.
2093 1923 2203 1956 nam
2241 1909 2395 1973 qualis

186 1986 409 2037 Achilles
418 1986 528 2050 fuit,
536 1987 676 2036 talem
696 1986 935 2051 conjectet
948 1987 1106 2035 forsan
1120 1986 1290 2050 aliquis
1300 1986 1447 2037 fuisse
1456 1986 1702 2037 Brasidam
1714 1996 1766 2037 et
1776 1987 1893 2036 alios
1903 1989 2129 2052 quosdam
2151 2008 2162 2037 z
2183 1994 2230 2037 et
2241 1987 2394 2051 qualis

187 2066 421 2123 Pericles,
443 2066 561 2115 tales
584 2066 875 2115 Antenorem
901 2073 1046 2131 atque
1073 2066 1340 2117 Nestorem.
1377 2077 1487 2116 sunt
1508 2067 1586 2116 alii
1601 2083 1809 2132 quoque,
1831 2068 1913 2132 qui
1929 2070 2018 2118 hoc
2031 2070 2176 2117 modo
2194 2068 2395 2117 conferri

182 2148 392 2196 invicem
414 2154 629 2212 possunt.
659 2149 741 2196 sed
764 2147 916 2211 qualis
955 2146 1174 2196 Socrates
1212 2155 1284 2196 est
1305 2147 1553 2211 qualisque
1588 2149 1692 2211 ejus
1730 2148 1844 2197 mira
1876 2148 2066 2198 dicendi
2091 2150 2227 2205 ratio,
2250 2164 2389 2197 nemo

186 2244 346 2294 prope
367 2229 427 2277 ad
451 2227 553 2293 ejus
575 2228 929 2277 similitudinem
965 2227 1171 2286 accedit,
1196 2243 1354 2290 neque
1378 2236 1585 2276 veterum
1617 2243 1773 2291 neque
1795 2243 1971 2285 eorum,
1995 2230 2075 2292 qui
2096 2244 2224 2275 nunc
2247 2235 2356 2274 sunt
2379 2242 2390 2273 e

157 2309 281 2366 ⁴nisi
323 2316 378 2356 ut
413 2324 503 2371 ego
542 2322 668 2356 nunc
708 2307 803 2355 dixi
842 2316 987 2371 atque
1029 2306 1295 2355 assimilavi.
1343 2308 1525 2371 quippe
1561 2306 1679 2353 nulli
1715 2308 1977 2363 hominum,
2013 2307 2096 2354 sed
2136 2305 2308 2354 Silenis
2345 2313 2395 2353 et

182 2390 369 2455 Satyris
391 2387 553 2437 similis
572 2387 677 2451 ipse
709 2395 783 2434 est
815 2387 1012 2451 ejusque
1040 2402 1296 2435 sermones.
1362 2386 1496 2434 Nam
1528 2392 1579 2433 ct
1612 2386 1705 2434 boc
1736 2401 1766 2434 a
1803 2401 1877 2434 me
1898 2385 2255 2448 praetermissum
2290 2392 2391 2434 erat

183 2471 337 2536 prins,
369 2483 606 2519 sermones
644 2468 746 2533 ejus
784 2466 1043 2533 persimiles
1085 2482 1187 2516 esse
1224 2466 1508 2531 imaginibus
1548 2464 1812 2515 Silanorum
1848 2468 1908 2515 ab
1943 2467 2198 2517 artificibus
2231 2466 2388 2525 factis,

184 2551 368 2601 deinde
390 2551 579 2615 apertis.
644 2550 694 2599 Si
732 2550 837 2615 quis
869 2548 995 2597 enim
1034 2549 1175 2612 hujus
1207 2562 1442 2597 sermones
1488 2547 1667 2606 audiat,
1701 2547 1920 2596 videntur
1951 2547 2120 2612 prima,
2154 2555 2206 2595 ut
2226 2548 2389 2606 fertur,

177 2632 309 2680 facie
330 2631 524 2679 nimium
547 2646 650 2680 esse
671 2631 876 2679 absurdi.
898 2630 1090 2678 nomina
1122 2630 1304 2694 quippe
1337 2634 1388 2677 et
1424 2630 1565 2677 verbs
1586 2628 1806 2677 exteriori
1829 2635 2024 2694 aspectu
2047 2628 2205 2694 Satyri
2223 2628 2386 2693 cujus-

184 2713 297 2760 dam
323 2712 651 2761 contumeliosi
672 2711 883 2760 habitum
906 2726 1002 2775 prre
1024 2726 1075 2759 se
1106 2709 1277 2759 serunt.
1313 2709 1468 2757 asinos
1488 2708 1614 2758 enim
1650 2710 1900 2774 febresque
1925 2709 2112 2758 aerarios
2133 2716 2184 2758 et
2203 2717 2384 2758 sutores

181 2792 453 2842 calceomm
474 2792 785 2858 coriariosque
820 2807 1004 2856 semper
1039 2791 1180 2839 habet
1200 2789 1254 2838 in
1292 2804 1390 2848 ore,
1423 2789 1685 2853 eademque
1719 2805 1902 2853 semper
1933 2789 2089 2838 dicere
2123 2790 2185 2839 de
2205 2790 2385 2839 eisdem

184 2874 395 2930 videtur,
416 2881 471 2920 ut
491 2889 654 2922 omnes
676 2874 788 2930 fere,
810 2874 891 2936 qui
914 2874 1070 2921 minus
1092 2872 1271 2934 experti
1293 2870 1491 2934 peritive
1514 2871 1627 2932 sint,
1650 2871 1790 2919 verba
1811 2869 1937 2918 illins
1960 2869 2200 2920 irrideant.
2233 2869 2385 2934 [Μ]

184 2953 371 3002 Verum
391 2954 429 3002 si
451 2955 576 3002 intus
594 2954 794 3017 aspiciat
815 2954 920 3017 quis
942 2952 1046 3017 ejus
1066 2967 1318 3009 sermones,
1340 2951 1491 3013 primo
1513 2951 1706 3012 quidem
1731 2949 1931 3012 reperiet
1950 2963 2169 2996 sensuum
2190 2949 2383 3011 profun-

186 3034 389 3083 ditatem
423 3035 593 3083 babere
630 3035 755 3083 solos
791 3033 987 3082 aliorum
1024 3033 1251 3089 omnium,
1288 3038 1338 3078 et
1369 3031 1563 3093 insuper
1593 3028 1908 3077 divinissimos
1939 3042 2060 3089 esse,
2082 3042 2138 3075 ac
2160 3025 2383 3090 plurimas

178 3115 407 3162 virtutum
428 3114 794 3178 speciosissimas
822 3111 1053 3175 imagines
1074 3111 1333 3164 continere,
1354 3116 1498 3173 atque
1525 3107 1587 3156 ad
1615 3106 1815 3172 plurima
1836 3121 1937 3155 sese
1954 3106 2226 3167 extendere,
2239 3104 2384 3154 immo

186 3194 352 3242 omnia
392 3201 631 3257 praecepta
662 3192 1073 3257 comprehendere,
1107 3191 1280 3257 quibus
1310 3189 1475 3237 insu-ui
1506 3188 1651 3236 debet
1689 3187 1747 3247 is,
1769 3186 1852 3251 qui
1873 3185 1935 3235 sit
1953 3187 2149 3234 honeste
2169 3185 2388 3247 beneque

188 3275 418 3325 victurus.
486 3273 606 3323 Haec
627 3282 754 3331 sunt.
774 3289 803 3322 o
824 3273 913 3321 viri
933 3272 1164 3330 convivas,
1185 3271 1235 3319 in
1269 3270 1440 3336 quibus
1460 3269 1701 3318 Socratem
1723 3267 1866 3316 laudo
1887 3284 1899 3314 =
1932 3281 1989 3315 ac
2011 3265 2171 3322 etiam,
2192 3265 2256 3313 de
2277 3264 2385 3327 qui-

195 3357 282 3404 bus
302 3370 581 3419 conqueror.
614 3354 808 3403 audistis
829 3354 956 3402 enirn
976 3352 1178 3411 interim,
1201 3367 1320 3416 quas
1342 3350 1456 3400 mihi
1477 3348 1671 3414 injurias
1691 3347 1866 3397 intulit.
1931 3345 2038 3396 Nec
2068 3346 2288 3393 adversus
2309 3357 2387 3391 me

192 3436 348 3483 solum
371 3435 439 3482 ita
458 3449 509 3483 se
530 3434 700 3498 gessit:
737 3450 897 3483 verum
919 3433 1061 3482 etiam
1083 3435 1304 3482 adversus
1337 3431 1657 3487 Charmidem,
1679 3429 1826 3477 filium
1850 3425 2128 3483 Glauconis,
2150 3432 2200 3474 et
2220 3424 2387 3473 adver—

192 3530 272 3563 sus
308 3514 661 3580 Euthydemum
697 3514 870 3564 Diocle
902 3523 1083 3571 natum,
1120 3513 1331 3578 aliosque
1367 3512 1627 3577 permultos
1669 3510 1834 3559 eadem
1869 3508 2001 3564 fecit,
2023 3521 2143 3571 quos
2165 3506 2268 3570 ipse
2300 3505 2388 3553 sub

193 3596 354 3659 specie
376 3596 592 3644 amatoris
614 3595 797 3645 fefellit.
828 3611 937 3644 nam
959 3610 1045 3659 pro
1066 3603 1271 3644 amatore
1304 3600 1486 3642 amatus
1523 3591 1687 3641 evasit.
1757 3589 2072 3647 Quamobrem
2108 3595 2155 3635 te
2177 3600 2386 3651 quoque,

194 3675 444 3740 Agathou,
466 3677 716 3734 admoneo,
738 3685 794 3725 ut
814 3676 954 3740 hujus
973 3677 1296 3725 simulationes
1311 3672 1800 3736 dissimulationeaque
1814 3685 1998 3725 caveas,
2019 3676 2071 3717 ct
2090 3683 2146 3715 ex
2170 3666 2259 3723 bis,
2280 3679 2390 3729 quo

190 3772 285 3819 ego
307 3770 409 3802 sum
432 3770 612 3818 passus,
640 3757 768 3804 hunc
803 3771 1092 3819 cognoscens
1128 3771 1222 3804 rem
1258 3764 1385 3803 tuam
1420 3769 1590 3814 cures;
1620 3768 1775 3817 neque
1809 3750 2067 3800 secundum
2092 3744 2386 3810 proverbium

193 3843 308 3899 post
340 3850 545 3899 poenam,
576 3835 826 3882 infantium
862 3836 1022 3892 instar,
1059 3836 1236 3884 delicta
1270 3834 1461 3883 tandem
1500 3848 1742 3897 agnoscas.
1808 3831 2053 3879 Hactenus
2095 3826 2388 3880 Alcibiades,

198 3916 337 3979 cnjus
358 3915 555 3964 audacia
577 3923 628 3964 et
639 3914 864 3979 loquendi
884 3916 1070 3964 libertas
1085 3914 1224 3963 risum
1243 3915 1460 3962 omnibus
1477 3911 1752 3969 concitavit,
1769 3909 1992 3974 quoniam
2012 3908 2138 3956 visus
2151 3915 2223 3956 est
2234 3920 2393 3954 amore

198 3995 402 4045 Socratis
425 4011 528 4046 csse
552 4003 738 4059 captus.
801 3996 887 4045 So.
918 3995 1111 4043 Sobrius
1144 3994 1257 4042 mibi
1292 3993 1481 4051 videris,
1506 4010 1535 4041 o
1561 3991 1864 4041 Alcibiades:
1899 3990 2113 4054 alioquin
2150 4001 2391 4051 nunquam

200 4076 268 4123 ita
304 4076 572 4136 artificiose,
604 4076 746 4139 longo
778 4077 1021 4124 verborum
1056 4074 1252 4125 circuitu
1291 4074 1440 4130 facto,
1469 4072 1685 4122 occulere
1707 4071 1756 4120 id
1779 4071 2056 4126 studuisses,
2077 4067 2214 4132 cujus
2247 4066 2393 4130 gratia

200 4164 358 4205 cetera
375 4157 533 4205 omnia
556 4157 735 4205 dixeras
759 4175 770 4204 :
807 4157 935 4221 quod
973 4156 1021 4203 in
1058 4156 1285 4204 orationis
1322 4153 1473 4213 calce,
1495 4162 1548 4201 ut
1570 4159 1736 4216 praeter
1774 4149 2063 4216 propositum
2099 4147 2301 4211 proferre
2323 4143 2396 4189 vi·

201 4236 405 4300 dereris,·
416 4237 606 4285 tandem
647 4237 928 4301 apposuisti,
950 4238 1082 4301 quasi
1115 4252 1212 4284 non
1245 4235 1406 4285 omnia
1438 4235 1611 4284 iccirco
1649 4233 1837 4290 dixeris,
1870 4239 1926 4279 ιιι
1949 4245 2023 4277 me
2054 4228 2115 4273 ab
2138 4224 2393 4287 Agathone

207 4314 512 4380 disjungeres.
546 4315 793 4372 arbitraris,
830 4332 904 4364 me
942 4315 1175 4366 neminem
1209 4325 1373 4381 praeter
1407 4323 1454 4364 te
1489 4329 1634 4362 unum
1667 4327 1823 4361 amare
1852 4309 2057 4363 debere3
2093 4302 2393 4366 Agathonem

208 4408 317 4442 vero
338 4409 368 4442 a
400 4394 531 4444 nullo
553 4395 646 4443 alio
679 4410 819 4459 quam
852 4397 1005 4444 abste
1038 4396 1196 4447 amari.
1229 4412 1386 4445 verum
1409 4410 1506 4444 non
1527 4393 1667 4442 latuit
1700 4408 1802 4447 nos,
1824 4387 1941 4452 quid
1976 4383 2064 4432 sibi
2089 4381 2229 4429 vellet
2260 4388 2394 4428 ‘⁰⁰¹⁸

214 4471 333 4521 illud
354 4474 617 4539 Satyricum
659 4475 1005 4540 Silenicumque
1041 4477 1331 4539 figmentum.
1400 4476 1513 4531 Sed,
1546 4490 1576 4521 o
1611 4473 1757 4521 amice
1793 4467 2037 4532 Agathou,
2066 4462 2400 4588 dandanopcra

330 4555 465 4605 Ριαι.
490 4555 572 4604 Tr.
1382 4556 1422 4604 1.
2152 4546 2182 4590 ⁸
