2917 4975
490 453 612 517 290
725 543 730 546 ‚
883 403 892 410 i
1389 447 1789 513 PLA'roms
2545 455 2691 534 [275

497 607 669 672 primo,
712 607 887 656 deindo
923 607 1064 657 etiam
1100 605 1280 657 Clinias
1318 605 1422 663 iste,
1453 612 1681 669 preterea
1718 605 1975 670 Ctesippns
2011 604 2134 670 ipse,
2189 604 2365 670 aliique
2406 615 2696 671 praesentes:

446 714 458 728 ·
499 688 688 737 ostendi
722 686 846 736 enim
885 688 977 735 illis
1013 686 1184 737 Cliniae
1216 684 1365 751 ipsius
1399 686 1596 742 amicos,
1616 686 1699 748 qui
1740 700 1827 733 nos
1851 685 1951 749 jam
1990 686 2370 735 circumstabant.
2438 686 2701 752 Ctesippus

496 768 617 817 forte
640 769 801 834 procul
824 785 852 816 a
874 769 1032 818 Clinia
1064 769 1291 817 sedebat:
1326 783 1433 816 cum
1458 783 1565 815 vero
1607 766 1935 832 Euthydemus
1972 766 2097 815 inter
2117 767 2458 830 disputandum
2482 769 2542 815 ad
2567 777 2700 816 ante·

497 850 616 899 riorn
638 851 901 914 procedens
924 849 1095 899 Cliniae
1118 850 1240 897 inter
1261 864 1346 896 nos
1371 849 1528 896 medio
1551 863 1652 896 sese
1675 855 1955 912 opponeret,
1977 855 2027 896 et
2050 848 2282 912 Ctesippo
2304 847 2410 911 ejus
2443 847 2700 913 impediret

499 939 760 994 aspectum,
796 931 991 979 surrexit
1012 929 1271 993 Ctesippus
1304 936 1355 978 et
1376 928 1549 991 primus
1570 946 1598 976 e
1637 938 1897 992 conspectu
1936 937 2145 976 nostrum
2184 929 2330 984 stetit,
2357 936 2409 976 ut
2440 938 2491 977 et
2522 929 2701 978 videret

501 1011 701 1060 amicum
724 1020 775 1060 et
795 1013 1091 1075 disputantes
1111 1010 1328 1057 audiret:
1365 1008 1579 1056 simiiiter
1598 1015 1649 1056 et
1671 1008 1767 1056 aiii.
1800 1008 1926 1057 hunc
1949 1008 2101 1056 secuti
2123 1008 2261 1055 nobis
2283 1009 2500 1072 protinus
2538 1010 2701 1058 astite-

500 1102 628 1150 runt,
652 1102 745 1143 tam
769 1092 938 1142 Cliniae
961 1090 1097 1140 amici
1119 1105 1261 1155 quam
1284 1089 1576 1154 Euthydemi
1600 1097 1651 1137 et
1672 1089 2001 1153 Dionysodori
2023 1090 2237 1137 comites.
2302 1088 2405 1136 Hos
2425 1104 2518 1152 ego
2539 1103 2703 1137 omnes

502 1173 654 1238 digito
674 1173 886 1236 signans,
907 1171 1213 1237 Euthydemo
1237 1170 1480 1235 poilicitus
1502 1186 1603 1218 sum
1628 1169 1754 1218 illius
1791 1169 1890 1218 fore
1923 1169 2198 1233 discipulos.
2262 1170 2525 1234 Ctesippus
2558 1171 2705 1234 igitur

499 1254 804 1303 vehementer
818 1262 890 1303 est
910 1268 1140 1309 assensus,
1157 1267 1248 1300 nec
1268 1266 1363 1298 non
1387 1249 1471 1298 alii
1490 1268 1505 1312 ς
1521 1249 1857 1314 jusseruntque
1879 1250 2125 1314 sapientise
2146 1250 2239 1297 vim
2255 1251 2521 1299 ostendere.
2577 1251 2700 1299 Tum

503 1349 615 1399 ego,
640 1351 669 1383 o
691 1333 993 1400 Euthydeme
1029 1340 1174 1396 atque
1212 1330 1570 1397 Dionysodure,
1594 1332 1668 1378 his
1700 1345 1887 1395 prorsus
1916 1328 2166 1394 gratificari
2187 1330 2342 1378 velitis
2363 1335 2415 1379 et
2437 1331 2529 1379 mei
2555 1332 2703 1396 gratia

479 1421 484 1430 '
504 1414 839 1464 demonstrare.
874 1413 1073 1477 plurima
1091 1414 1284 1477 quidem
1306 1412 1418 1460 talia
1439 1419 1568 1474 sunt,
1587 1420 1642 1460 ut
1662 1412 1910 1460 ostendere
1948 1411 2029 1459 iila
2065 1426 2187 1475 opus
2218 1412 2452 1476 prolixum
2487 1412 2553 1461 sit
2570 1411 2703 1461 futu-¹

502 1509 624 1544 rum.
659 1493 710 1542 id
734 1502 890 1543 autem
912 1493 1030 1542 mihi
1050 1493 1214 1551 dicite,
1237 1501 1389 1541 utrum
1413 1492 1648 1541 homiuem
1679 1493 1921 1540 dumtaxat
1950 1491 2050 1556 jam
2071 1505 2345 1556 persua-nm
2367 1493 2498 1556 quod
2521 1493 2705 1542 dix-cere

503 1590 536 1622 a
557 1576 690 1624 vobis
712 1582 947 1640 oporteat,
969 1574 1144 1622 bonum
1177 1574 1358 1622 efficere
1382 1574 1530 1621 virum
1565 1573 1803 1637 potestis?
1833 1588 1894 1621 an
1928 1572 2061 1620 inum
2099 1579 2339 1637 praeterea,
2370 1574 2456 1636 qui
2489 1574 2705 1621 nondum

505 1655 648 1703 fuerit
687 1671 949 1720 persuasus,
971 1654 1083 1718 quia
1118 1653 1250 1701 nullo
1287 1662 1428 1717 pacto
1468 1654 1627 1701 doceri
1661 1670 1800 1718 posse
1823 1655 2041 1703 vlrtutem
2079 1653 2335 1718 putaverit,
2358 1653 2430 1701 vel
2470 1653 2596 1702 forte
2618 1669 2705 1702 vos

502 1733 633 1781 iilius
655 1750 752 1782 nun
790 1750 892 1783 esse
927 1734 1208 1798 magistros?
1274 1732 1510 1798 Nunquid
1544 1732 1654 1782 artis
1690 1733 1904 1797 ejusdem
1936 1749 2057 1798 opus
2094 1742 2182 1789 est,
2205 1734 2385 1782 homini
2421 1735 2491 1782 sic
2528 1735 2704 1782 affectu

506 1813 809 1877 persuadere,
830 1813 959 1877 quod
983 1820 1033 1861 et
1070 1811 1228 1861 doceri
1250 1812 1394 1860 virtus
1421 1820 1594 1876 potest,
1617 1822 1667 1860 et
1688 1813 1778 1878 ipsi
1802 1830 1886 1861 vos
1906 1813 2037 1875 estis,
2058 1830 2085 1862 a
2110 1813 2282 1878 quibus
2303 1815 2479 1878 optime
2500 1816 2706 1880 quilibet

507 1893 690 1943 discat:
726 1894 875 1955 sicne,
895 1908 955 1940 au
976 1891 1145 1940 aliter?
1211 1890 1370 1955 Hujus
1404 1890 1638 1955 ejusdem,
1661 1892 1815 1956 inquit
1851 1893 2235 1958 Dionysodorus,
2270 1893 2381 1942 artis
2413 1902 2486 1942 est
2503 1910 2646 1958 opus,
2670 1911 2703 1943 o

508 1974 743 2023 Socrates.
805 1972 908 2021 Vos
929 1972 1071 2035 igitur
1091 1987 1189 2036 pm
1209 1971 1395 2028 ceteris,
1418 1971 1629 2035 inquam,
1653 1973 1919 2021 bominibus
1943 1973 2119 2036 optime
2143 1975 2202 2021 ad
2220 1973 2531 2038 philosophiae
2555 1973 2706 2039 [2⁷5]

507 2052 787 2119 virtutisque
821 2068 979 2102 curam
1015 2051 1408 2100 exhortaremini?
1475 2052 1556 2100 Sic
1589 2052 1877 2110 arbitramur,
1912 2070 1940 2101 o
1979 2055 2213 2104 Socrates.
2279 2055 2468 2111 Cetera,
2491 2055 2706 2119 inquam,

507 2141 677 2198 postea
693 2131 982 2182 ostendetis:
1016 2133 1107 2182 hoc
1130 2149 1240 2181 vero
1261 2149 1390 2181 nunc
1412 2132 1664 2182 ostendite.
1700 2134 1980 2197 persuadete
2011 2149 2172 2197 quaeso
2194 2134 2305 2183 huic
2327 2134 2707 2200 adolescentulo,

506 2215 638 2280 quod
666 2214 979 2278 philosophiae
999 2213 1276 2277 virtutisque
1297 2214 1455 2262 studio
1488 2214 1597 2263 totis
1630 2214 1692 2262 sit
1716 2213 1890 2263 viribus
1925 2216 2309 2273 incumbendum,
2331 2216 2546 2281 mihique
2565 2226 2617 2265 et
2638 2218 2708 2266 bis

509 2295 729 2344 omnibus
752 2283 925 2344 morem
958 2295 1121 2359 gerite.
1187 2295 1335 2343 Porro
1356 2294 1739 2345 adolescentulus
1771 2295 1846 2344 hic
1872 2311 2023 2360 usque
2042 2297 2163 2345 adeo
2188 2296 2299 2344 mihi
2321 2304 2372 2345 et
2392 2297 2468 2345 his
2487 2298 2707 2346 omuibus

506 2392 635 2426 cnroe
668 2383 758 2434 est,
779 2383 836 2425 ut
867 2392 976 2425 eum
1005 2375 1056 2423 in
1090 2376 1319 2440 optimum
1342 2376 1492 2425 virum
1525 2377 1725 2425 evadere
1752 2391 2047 2440 summopere
2084 2377 2372 2426 studeamus.
2439 2376 2529 2425 Est
2550 2386 2705 2425 autem

508 2456 719 2507 Aniochi
743 2457 865 2507 tilius
886 2473 946 2507 ex
979 2456 1153 2522 majore
1189 2456 1444 2508 Alcibiade
1465 2457 1563 2507 nnti
1584 2475 1598 2507 ε
1634 2458 1825 2506 minoris
1845 2466 2003 2507 autem
2037 2457 2319 2513 Alcibiadis.
2343 2457 2427 2522 qui
2465 2474 2596 2508 nunc
2616 2467 2707 2522 est,

509 2538 754 2600 patruelis.
789 2552 960 2586 nomen
982 2537 1088 2601 ejus
1108 2545 1182 2586 est
1200 2538 1400 2589 Clinias.
1432 2539 1531 2595 cni,
1552 2554 1659 2588 cum
1683 2538 1733 2586 in
1756 2548 1917 2587 tenera
1934 2546 2075 2588 aetate
2104 2540 2184 2595 sit,
2206 2547 2261 2587 ut
2290 2540 2449 2596 decet,
2470 2540 2705 2596 timemus.

510 2632 573 2665 ne
595 2617 701 2680 quis
720 2616 842 2664 forte
863 2632 950 2664 nos
972 2617 1281 2680 pmveniens,
1303 2619 1396 2667 alio
1418 2618 1523 2682 ejus
1545 2619 1751 2668 animum
1776 2621 1937 2670 flectat
1968 2629 2110 2684 atque
2140 2620 2376 2684 inquinet.
2443 2620 2609 2677 Quare
2628 2636 2710 2668 vos

509 2704 862 2761 peropportune
882 2696 1089 2745 venistis.
1157 2696 1237 2754 Et,
1261 2699 1353 2745 nisi
1372 2700 1488 2762 quid
1512 2699 1745 2764 probibet,
1769 2701 1905 2764 pueri
1927 2699 2068 2765 hujus
2091 2700 2347 2765 periculum
2364 2699 2528 2758 facite,
2546 2701 2704 2748 nobis-

512 2789 605 2839 que
628 2775 937 2839 presentibus
958 2791 1065 2824 cum
1084 2774 1170 2823 ino
1192 2776 1421 2826 disserite.
1486 2778 1607 2827 Cum
1630 2781 1731 2829 haec
1753 2782 1897 2831 ferme
1918 2781 2156 2843 dixissem,
2170 2780 2503 2846 Euthydemus
2521 2781 2704 2830 fortiter

512 2857 709 2905 nimium
727 2863 777 2904 et
798 2857 1039 2917 audacter,
1061 2856 1213 2915 Nihil,
1236 2858 1320 2916 ait,
1345 2874 1375 2907 o
1392 2858 1627 2921 Socrates,
1647 2861 1884 2925 probibet,
1908 2862 1950 2911 si
1974 2864 2114 2910 modo
2137 2862 2253 2910 veiit
2272 2862 2410 2909 nobis
2431 2862 2705 2911 adolescen-

512 2936 642 2986 tulus
662 2938 960 3002 respondere.
1026 2937 1171 2986 Haud
1195 2937 1449 2999 insuetum,
1469 2939 1686 3003 inquam,
1707 2939 1777 2988 im
1797 2941 1889 2990 hoc
1906 2950 1993 2992 est.
2026 2942 2296 3006 frequenter
2307 2941 2435 2990 enim
2457 2950 2707 3006 pauentes

515 3019 566 3067 hi
602 3034 710 3068 cum
742 3034 802 3067 eo
836 3018 1101 3084 disputant,
1137 3019 1293 3083 deque
1329 3019 1494 3068 multis
1529 3021 1834 3084 interrogant.
1868 3023 2090 3086 quocirca
2124 3032 2495 3072 consentaneum
2529 3032 2620 3080 eat,
2656 3030 2707 3071 ut

513 3100 800 3163 respondere
820 3113 949 3149 nunc
965 3100 1156 3149 audeat.
1223 3098 1346 3157 Qum
1368 3107 1645 3164 sequuntur,
1665 3116 1694 3147 o
1716 3099 1870 3165 Crito,
1889 3102 2067 3150 utinam
2103 3119 2191 3167 pro
2213 3101 2448 3167 dignitate
2470 3118 2707 3153 recensere

451 3170 456 3177 ’
514 3178 749 3227 valerem!
785 3195 940 3243 neque
961 3180 1086 3229 enim
1109 3181 1329 3242 exiguum
1351 3196 1475 3245 opus
1498 3182 1777 3244 putandum,
1798 3188 1853 3229 ut
1875 3181 2028 3229 valeat
2057 3184 2162 3247 quis
2183 3183 2562 3232 inaestimabilem
2585 3184 2707 3232 iiiam

513 3258 794 3320 sapientiam
826 3273 1059 3307 enarrare.
1125 3259 1283 3315 Quare
1323 3261 1436 3308 mihi
1474 3276 1619 3318 nunc,
1657 3267 1712 3309 ut
1742 3260 1917 3325 poetis,
1951 3277 2073 3327 opus
2103 3278 2205 3312 esse
2239 3264 2429 3313 videtur
2463 3264 2707 3313 Musarum

512 3337 855 3401 Memor-imque
877 3337 1149 3402 suffragium
1173 3339 1406 3396 invocare,
1431 3342 1701 3404 priusquam
1725 3349 1867 3390 tantae
1890 3343 1955 3391 rei
1976 3343 2287 3393 narrationem
2309 3345 2546 3396 exordiar.
2613 3345 2709 3394 Eu·

511 3416 768 3481 tirydemus
801 3417 928 3466 hunc
965 3417 1014 3464 in
1050 3419 1260 3474 modum,
1282 3427 1338 3466 nt
1363 3420 1576 3478 arbitror,
1595 3429 1667 3469 est
1689 3437 1895 3473 exorsus.
1961 3422 2067 3472 Utri
2089 3431 2219 3488 sunt,
2242 3424 2474 3484 o‘Clinia,
2498 3426 2708 3475 homines

512 3496 599 3559 qni
623 3496 804 3560 aliquid
826 3498 1048 3545 discunt?
1082 3497 1397 3561 sapientam,
1420 3515 1482 3548 an
1516 3501 1818 3563 ignorantes?
1884 3504 2010 3553 Puer
2042 3513 2199 3553 antem
2219 3512 2416 3570 p'ropter
2436 3506 2709 3570 questionis

504 3575 636 3625 iilius
657 3576 846 3640 pondus
864 3578 1069 3641 erubuit,
1088 3587 1139 3626 et
1159 3578 1376 3627 haesitans
1397 3580 1562 3629 oculos
1584 3582 1629 3628 in
1654 3598 1729 3631 me
1744 3585 1993 3634 convertit.
2058 3585 2163 3651 Ego
2180 3601 2291 3634 vero
2312 3587 2706 3650 perturbationem

488 3654 643 3714 ‚iuius
676 3655 1049 3705 animadvertens
1071 3657 1279 3720 inquam,
1302 3660 1446 3709 Bono
1467 3662 1626 3710 animo
1644 3671 1773 3722 esto,
1786 3664 1963 3723 Clinia,
1986 3675 2037 3714 et
2056 3682 2162 3731 quas
2195 3666 2286 3715 tibi
2307 3666 2546 3725 videntur,
2567 3667 2708 3719 virili-

439 3798 450 3807 *
511 3743 584 3784 ter
605 3736 683 3783 isti
705 3736 955 3800 responde.
989 3737 1110 3786 sorte
1140 3739 1266 3788 enim
1289 3741 1491 3792 maxime
1511 3752 1557 3792 te
1566 3742 1770 3808 juvabit.
1837 3745 1915 3794 Ita
1947 3747 2158 3813 loquenti
2189 3748 2303 3796 mihi
2341 3736 2706 3814 Dionysodorus

514 3815 769 3864 inclinatus
790 3818 850 3864 ad
870 3832 1025 3867 aurem
1049 3835 1106 3869 ac
1126 3820 1305 3878 ridens.
1326 3823 1542 3873 Prndico
1565 3826 1670 3883 tibi,
1692 3843 1722 3873 ο
1758 3828 1988 3886 Socrates,
2012 3829 2236 3894 quicquid
2261 3844 2379 3893 puer
2397 3831 2706 3895 responderit,

514 3897 810 3945 confutatum
834 3897 907 3947 iri.
972 3899 1166 3949 Interim
1201 3905 1508 3968 responderat
1539 3906 1750 3957 Cilniase
1783 3907 1943 3971 itaque
1979 3926 2176 3973 puerum
2196 3910 2313 3959 mibi
2333 3912 2593 3962 admonere
2613 3927 2707 3960 non

512 3975 665 4024 licuit.
703 3976 849 4042 [270]
885 3978 1221 4044 Respondent
1239 3993 1414 4043 autem,
1432 3985 1682 4051 Sapientes
1702 4003 1803 4037 esse
1824 3989 1908 4052 qui
1924 3989 2128 4039 discunt.
2191 3990 2271 4039 Ad
2293 4008 2435 4056 quem
2460 3991 2707 4058 Euthyde-

510 4072 642 4105 mus:
677 4057 835 4106 Vocas
872 4071 1182 4126 preceptores
1212 4065 1415 4130 aliquos,
1435 4083 1497 4115 an
1529 4070 1661 4116 non?
1730 4069 1959 4118 Assensus
1990 4079 2077 4121 est.
2144 4068 2226 4119 An
2259 4086 2356 4118 nou
2393 4079 2706 4136 pmeeptores

511 4138 792 4188 discentium
827 4151 1137 4206 pmceptores
1174 4148 1317 4194 sunt?
1351 4150 1748 4211 quemadmodum
1777 4150 2019 4199 citharista
2049 4158 2192 4214 atque
2214 4152 2548 4215 grammaticus
2568 4160 2618 4201 et
2638 4151 2704 4198 tui

508 4227 560 4269 et
580 4227 1100 4286 ceterornmpuerorum
1125 4234 1434 4290 praeceptores
1456 4229 1662 4286 fuerunt,
1684 4246 1768 4279 vos
1788 4238 1945 4280 autem
1962 4231 2208 4294 discipuli.
2257 4231 2532 4281 consensit.
2584 4230 2704 4280 Cum

509 4300 781 4365 discebatis,
820 4304 1029 4352 nondum
1072 4305 1290 4354 sciebatis
1324 4309 1426 4357 haec
1457 4310 1621 4359 eadem
1654 4326 1762 4375 quas
1797 4310 2087 4360 discebatis?
2152 4309 2400 4361 Nondum.
2468 4310 2701 4374 Nunquid

506 4383 648 4429 eratis
670 4384 923 4445 sapientes,
941 4386 1132 4449 quando
1155 4387 1257 4436 haec
1278 4388 1599 4453 ignorabatis?
1665 4391 2013 4456 Nequaquam:
2062 4392 2115 4440 Si
2143 4407 2240 4439 non
2274 4391 2533 4456 sapientes,
2567 4392 2703 4455 igno-

502 4467 658 4506 rantes
689 4462 848 4524 igitur.
913 4465 1142 4514 Omnino·
1209 4466 1305 4518 Vos
1342 4486 1453 4535 ergo
1497 4472 1610 4520 dum
1649 4473 1902 4522 discebatis
1944 4488 2052 4537 quae
2091 4472 2397 4543 ignorabatis,
2434 4472 2704 4538 ignorantei
