2917 4975
222 484 365 560 200]
1146 486 1488 550 LACHES.
2337 494 2407 551 81

215 639 471 689 oLaebes?
535 640 632 691 LA.
670 637 947 689 Etmaxime
968 640 1436 705 quidem‚80erates.
1500 641 1587 691 80.
1621 641 1789 700 Audis,
1825 657 1855 690 o
1876 640 2036 700 Nicia,
2072 643 2292 692 terribilia
2316 661 2412 694 me·

215 720 471 785 tuendaque
490 721 649 769 futura
673 721 794 769 mala
815 734 902 769 nos
921 722 1109 782 dioere3
1143 722 1343 772 audacia
1366 736 1476 771 vero
1498 722 1661 787 digna,
1697 723 1855 771 futura
1874 725 2021 785 bona,
2050 723 2276 774 reboate
2308 741 2406 774 non

212 800 341 848 maia.
401 801 627 849 Tuneh
657 803 719 851 de
749 801 841 859 bis,
878 817 938 850 an
974 800 1111 851 aliter
1138 803 1320 851 sentis?
1386 802 1479 851 Nr.
1512 802 1595 851 Ita·
1619 811 1761 853 oerte.
1827 804 1915 853 So.
1947 803 2131 852 Horum
2154 805 2402 854 scientiam

209 879 525 930 fortitudinem
549 892 692 931 vocas
713 881 731 929 2
796 881 846 929 N
850 898 900 932 ι.·
921 881 1136 931 Prorsus.
1199 882 1583 932 So.·Videamus
1615 892 1860 947 promea,
1898 891 2052 933 utrum
2073 885 2136 933 de
2158 885 2249 934 hoe
2271 885 2409 935 tertio

210 959 443 1009 nobiseum
481 962 678 1010 sentias.
742 960 832 1010 Νι.
881 962 1014 1020 Quid
1052 963 1217 1010 istud?
1282 962 1370 1012 80.
1421 962 1598 1012 Dicam
1634 963 1895 1028 equidem·
1938 964 2065 1013 Mihi
2105 980 2219 1014 sane
2259 973 2408 1029 atque

206 1039 310 1089 huie
328 1040 534 1104 videtur,
567 1056 958 1106 quorumeunque
980 1041 1179 1091 scientia
1201 1043 1364 1107 aliqua
1384 1052 1475 1100 est,
1511 1059 1608 1092 non
1641 1045 1779 1093 aliam
1803 1044 2048 1093 seientiam
2069 1061 2172 1094 esse
2196 1046 2405 1109 proteri·

204 1127 364 1178 torum,
386 1130 442 1169 ut
461 1122 594 1171 faeta
615 1131 762 1171 sunt:
796 1122 934 1171 aliam
961 1123 1286 1188 presentium,
1302 1133 1358 1171 nt
1378 1124 1530 1172 flunt:
1565 1124 1703 1173 aliam
1723 1124 2002 1184 futurorum,
2026 1134 2081 1173 nt
2099 1125 2280 1190 optime
2300 1126 2402 1173 fieri

203 1203 411 1264 possint:
445 1203 531 1252 sed
567 1200 787 1266 ejusdem
824 1203 1037 1252 scientiae
1070 1219 1195 1267 opus
1233 1219 1338 1253 esse
1377 1205 1482 1254 baec
1513 1206 1673 1253 omnia
1703 1220 1824 1255 esse.
1857 1205 2254 1269 quemadmodum
2280 1206 2404 1255 circa

199 1296 353 1330 naum
387 1292 440 1332 et
469 1284 656 1332 salubre
697 1299 781 1347 per
802 1298 941 1332 omne
966 1291 1170 1348 tempus,
1206 1298 1302 1333 non
1342 1283 1435 1331 alia
1469 1292 1639 1349 prater
1671 1285 1856 1332 unicam
1895 1286 2175 1334 medicinam
2207 1286 2403 1335 seientia

198 1363 419 1428 prospicit
440 1380 552 1429 quae
574 1363 717 1420 flunt,
752 1378 859 1426 qnae
881 1363 1008 1412 sacta
1045 1372 1174 1420 sunt,
1213 1379 1321 1428 quae
1348 1363 1482 1422 fient,
1514 1380 1611 1429 quo
1633 1374 1777 1428 paeto
1802 1364 1932 1414 fiant.
1968 1373 2020 1412 et
2039 1365 2165 1414 circa
2187 1365 2267 1413 illa
2289 1381 2399 1429 qum

195 1451 308 1491 terra
329 1451 613 1501 nascuntur,
652 1442 935 1506 agricultura
956 1459 1007 1491 se
1028 1444 1244 1491 similiter
1263 1443 1424 1491 habet.
1490 1443 1624 1499 Quin
1648 1444 1789 1491 etiam
1810 1444 1864 1491 in
1886 1444 2014 1495 bello
2039 1461 2123 1492 vos
2145 1445 2249 1507 ipsi,
2259 1452 2400 1492 testes

192 1524 336 1582 eritis,
375 1540 477 1573 rem
518 1524 770 1572 militarem
795 1524 1031 1571 subtiliter
1063 1530 1116 1571 et
1145 1523 1239 1570 alia
1271 1523 1449 1580 omnia,
1488 1529 1540 1571 et
1568 1524 1726 1571 sutura
1760 1524 2046 1587 prospicere.
2081 1540 2237 1588 neque
2272 1525 2398 1572 enim

189 1604 364 1668 subjici
394 1604 532 1651 illam
569 1603 793 1651 vaticinio
830 1602 989 1660 vultis,
1027 1604 1111 1651 sed
1137 1618 1348 1667 ‘preesse
1388 1604 1581 1667 potins:
1617 1611 1783 1668 utpote
1822 1604 2008 1654 acutius
2043 1619 2150 1669 qnae
2186 1603 2237 1652 in
2278 1604 2401 1653 bello

187 1683 328 1741 flunt,
367 1699 540 1747 queve
561 1683 719 1731 sutura
739 1690 851 1731 sunt
882 1683 1224 1747 providentem.
1262 1683 1407 1747 [199]
1440 1684 1576 1748 atqui
1609 1691 1660 1732 et
1686 1685 1762 1733 lex
1799 1685 1868 1733 ita
1902 1685 2083 1742 statuit,
2122 1700 2218 1732 non
2242 1695 2394 1734 ratem

187 1765 418 1828 praefecto
457 1765 688 1813 exereitus
727 1764 977 1827 dominari,
1015 1765 1099 1813 sed
1140 1764 1410 1828 prefectum
1447 1765 1679 1814 exereitus
1701 1766 1794 1814 vati
1834 1781 2049 1831 praeesse.
2116 1764 2395 1815 Asserenrus

189 1843 302 1902 liae,
320 1861 354 1893 0
381 1845 568 1894 Laches
587 1846 606 1893 ?
671 1845 763 1894 La.
797 1844 1087 1896 Asseremus.
1156 1846 1242 1896 80.
1277 1844 1356 1894 An
1378 1854 1427 1894 tu
1451 1845 1591 1894 nobis
1605 1848 1861 1913 consentis,
1878 1863 1909 1896 0
1931 1846 2095 1905 Nicia,
2112 1847 2173 1895 ad
2189 1848 2392 1896 eandem

188 1926 431 1974 seientiam
457 1926 710 1990 pertinere,
731 1926 897 1974 eadem
922 1934 973 1974 nt
994 1926 1247 1991 praeterita,
1282 1936 1333 1975 ut
1364 1929 1635 1991 prasentia,
1673 1936 1726 1976 ut
1750 1928 1907 1977 futura
1940 1936 2049 1976 sunt
2070 1926 2390 1992 cognoscere?

189 2004 272 2054 Νι.
306 2006 568 2070 Equidem.
598 2021 706 2054 nam
727 2007 796 2055 ita
811 2006 922 2055 mihi
947 2006 1146 2064 videtur,
1170 2023 1200 2055 o
1221 2008 1453 2059 Socrates.
1476 1996 1482 2003 ¹
1523 2009 1611 2058 80.
1645 2008 1841 2074 Nonne,
1858 2010 1928 2058 vir
1945 2009 2141 2074 optime,
2156 2008 2396 2057 fortitudo

187 2086 379 2135 seientia
418 2096 493 2136 est
529 2089 886 2137 metuendorum
925 2089 1372 2153 contrariorumque,
1405 2098 1460 2138 ut
1492 2090 1600 2155 ipse
1630 2092 1894 2155 praedicas?
1918 2148 1933 2158 -
1959 2090 2050 2140 Νι.
2085 2089 2172 2138 Est
2202 2089 2387 2152 utique.

189 2167 269 2216 So.
301 2168 535 2217 Constitit
553 2177 729 2227 autem,
767 2185 970 2234 etqua!
1003 2171 1272 2234 metuimus,
1310 2171 1468 2219 futura
1498 2172 1653 2220 mala:
1688 2189 1796 2238 quas
1819 2188 1928 2221 vero
1949 2172 2194 2229 audemus,
2226 2171 2385 2217 sutura

188 2246 440 2298 bonaesse.
509 2236 602 2298 Νι.
638 2250 806 2300 Plane.
874 2251 958 2300 So.
994 2249 1174 2299 Eadem
1199 2266 1308 2299 vero
1329 2252 1529 2301 seientia
1549 2261 1625 2301 est
1658 2253 1913 2302 earundem
1943 2267 2093 2300 rerum
2127 2249 2383 2312 praeterita-

189 2342 297 2386 rnm,
331 2331 731 2396 praesentiumque
766 2340 817 2379 et
845 2331 1121 2379 suturarum.
1184 2330 1278 2381 Nr.
1311 2330 1440 2379 Vera
1474 2333 1578 2381 hec
1612 2340 1738 2380 sunt.
1803 2333 1887 2382 So.
1920 2331 2035 2378 Non
2070 2328 2221 2377 solum
2239 2328 2386 2391 igitur

187 2411 542 2460 metuendorum
564 2413 997 2476 contrariorumque
1016 2411 1247 2460 fortitudo
1270 2411 1467 2460 seientia
1489 2420 1579 2462 est.
1612 2426 1769 2475 neque
1791 2412 1917 2460 enim
1948 2412 2107 2458 futura
2140 2409 2384 2456 dumtaxat

187 2490 302 2540 bona
322 2493 513 2542 malave
529 2492 756 2558 intelligit
777 2511 790 2541 ε
824 2505 985 2542 verum
1009 2494 1150 2542 etiam
1172 2492 1423 2557 presentia
1447 2493 1809 2559 praeteritaque,
1842 2499 1893 2542 et
1912 2491 2071 2540 omnia
2091 2487 2383 2553 simpliciter,

185 2579 234 2618 nt
247 2573 353 2621 'alias
373 2574 610 2630 scientim,
633 2574 876 2638 prospicit.
941 2573 1031 2622 Νι.
1064 2574 1143 2622 Ita
1164 2573 1380 2624 videtur..
1427 2574 1512 2624 80.
1546 2573 1732 2623 Partem
1757 2576 1915 2639 itaque
1937 2572 2120 2621 tertiam
2141 2568 2376 2620 fortitudi-

183 2651 250 2700 nis
265 2655 416 2718 nobis,
458 2654 621 2711 Nicia,
659 2655 971 2720 respondisti=
1006 2669 1279 2720 quanquam
1308 2671 1414 2719 nos,
1441 2656 1556 2721 quid
1581 2656 1797 2705 universa
1819 2655 2044 2703 fortitudo
2067 2653 2144 2710 sit,
2177 2652 2375 2701 interro-

183 2734 396 2796 gavimus.
429 2735 694 2794 enimvero,
728 2744 780 2784 ut
801 2737 985 2785 videtur
1004 2736 1052 2786 in
1074 2737 1342 2800 prasentia,
1380 2737 1639 2786 secundum
1680 2736 1936 2786 orationem
1960 2744 2089 2783 tuam
2109 2748 2204 2782 non
2231 2732 2371 2780 modo

181 2817 533 2865 metuendorum
571 2817 997 2882 contrariorumque
1026 2817 1251 2866 fortitudo
1275 2818 1475 2867 seientia
1511 2826 1603 2881 est,
1637 2818 1721 2867 sed
1743 2819 1973 2867 bonorum
1997 2815 2206 2863 omnium
2228 2822 2372 2875 atque

180 2895 412 2955 malorum,
437 2895 748 2962 omniumque
783 2897 1057 2963 simpliciter
1088 2899 1445 2962 quomodolibet
1465 2914 1567 2947 sese
1589 2898 1883 2947 habentium.
1951 2896 2091 2945 8ἱουο
2114 2893 2275 2949 modo,
2310 2906 2374 2938 an

177 2975 302 3025 aliter
316 2976 532 3041 judicas,
555 2977 730 3028 Nicia?
794 2978 885 3028 Νι.
921 2977 998 3026 Ita
1035 2978 1148 3026 mihi
1170 2978 1373 3036 videtur,
1411 2994 1440 3025 o
1464 2979 1697 3027 Socrates.
1767 2979 1855 3025 So.
1884 2976 2054 3037 Putas,
2074 2990 2103 3022 0
2126 2974 2263 3020 beate
2285 2970 2378 3032 vir,

179 3054 279 3104 huic
301 3058 512 3123 aliquam
534 3058 700 3107 deesse
718 3059 952 3114 virtutem,
968 3058 1051 3121 qui
1075 3058 1202 3105 norit
1221 3059 1346 3105 bona
1367 3058 1526 3106 omnia
1548 3073 1755 3121 prorsus,
1790 3063 1844 3102 ut
1879 3055 2051 3102 effecta
2072 3058 2201 3107 sunt,
2232 3050 2373 3097 fiunt·

179 3151 261 3198 que
283 3146 330 3185 et
350 3139 506 3188 fient:
543 3138 727 3187 malave
766 3138 1014 3186 similiter?
1048 3152 1250 3201 eumque
1271 3137 1422 3184 virum
1443 3135 1659 3199 indigere
1680 3134 1993 3198 temperantia
2014 3139 2064 3180 et
2078 3129 2260 3195 justitia
2285 3144 2373 3193 pu-

178 3222 238 3263 tas
258 3219 328 3267 vel
353 3218 634 3280 sanctitate,
652 3219 734 3266 eui
757 3217 849 3266 soli
867 3217 1115 3280 competit,
1137 3224 1191 3264 ut
1212 3224 1306 3264 tam
1329 3216 1454 3265 eirca
1482 3216 1619 3276 deos,
1638 3230 1778 3279 quam
1801 3215 1924 3263 cirea
1946 3212 2158 3260 homines
2182 3211 2305 3258 bona
2325 3217 2376 3257 et

177 3296 285 3345 mala
320 3299 588 3362 prudenter
617 3298 884 3361 intelligat3
916 3298 1019 3345 haeo
1058 3297 1256 3354 devitet,
1290 3296 1498 3361 porrigat
1533 3295 1650 3357 illa3
1685 3297 1970 3360 quandoque
2001 3294 2091 3342 scit
2113 3300 2237 3341 recte
2259 3306 2366 3340 cum

176 3379 384 3426 omnibus
409 3378 609 3426 vivere?
676 3377 764 3427 Νι.
802 3377 923 3427 Vera
956 3377 1086 3443 loqui
1110 3378 1298 3435 videris,
1332 3394 1361 3427 o
1385 3378 1615 3427 Socrates.
1679 3377 1763 3427 So.
1799 3377 1942 3435 Quod
1976 3390 2087 3440 ergo
2118 3374 2202 3422 abs
2224 3381 2271 3421 te
2292 3372 2368 3419 in-

175 3456 359 3508 dnetnm
382 3465 479 3515 est,
500 3457 661 3517 Nicia,
685 3475 782 3508 non
805 3474 911 3523 pars
936 3459 1131 3517 virtutis,
1170 3461 1253 3510 sed
1285 3459 1506 3508 universa
1529 3460 1671 3508 virtus
1705 3469 1793 3508 est.
1859 3457 1950 3507 Νι.
1983 3456 2241 3521 Apparet„
2279 3453 2365 3502 80.

176 3535 505 3589 Verumtamen
545 3539 872 3589 fortitudinem
912 3540 1114 3590 diximus
1150 3552 1327 3605 partem
1365 3541 1570 3604 aliquam
1608 3556 1711 3588 esse
1755 3539 1959 3590 virtutis.
2021 3536 2110 3585 Νι.
2148 3533 2363 3583 Diximus

174 3617 319 3681 plane.
387 3620 474 3669 So.
508 3621 650 3678 Quod
678 3636 787 3670 vero
809 3637 935 3669 nunc
956 3622 1146 3679 dicitur,
1185 3635 1281 3670 non
1303 3630 1518 3686 apparet.
1582 3619 1674 3670 Νι.
1708 3619 1837 3668 Non.
1903 3619 1987 3667 So.
2023 3616 2134 3665 Non
2157 3630 2269 3679 ergo
2292 3615 2362 3662 in·

174 3701 392 3756 venimus.
427 3701 587 3758 Nicia,
621 3702 735 3767 quid
760 3702 863 3767 ipsa
898 3703 960 3750 sit
977 3702 1221 3751 fortitudo.
1288 3703 1382 3752 Νι.
1414 3701 1527 3750 Νοιι
1550 3702 1780 3751 videmur.
1846 3700 1939 3747 La,
1975 3697 2126 3761 Atqui
2147 3697 2295 3752 rebar,
2328 3710 2359 3742 o

175 3781 313 3831 amice
337 3782 498 3840 Nicia,
533 3783 679 3848 [2⁰0]
711 3784 1008 3832 inventurum
1026 3790 1094 3846 te,
1110 3790 1360 3847 postquam
1385 3799 1459 3832 me
1480 3783 1658 3832 Socrati
1672 3781 2032 3847 respondentem
2047 3776 2362 3841 despiciebas.

172 3858 366 3926 ideoque
388 3865 654 3927 sperabam,
689 3870 736 3912 te
768 3880 824 3912 ex
849 3863 1084 3911 Damonis
1113 3863 1346 3927 sapientia
1368 3864 1470 3913 haec
1493 3864 1629 3912 nobis
1649 3862 2007 3912 declaraturum.
2074 3858 2165 3907 Νι.
2198 3857 2358 3914 Quam

172 3938 285 3989 belle
305 3945 426 4007 agis,
458 3959 487 3992 o
524 3944 722 3998 Laches.
759 3945 887 4007 quod
913 3944 1088 3992 nullius
1111 3944 1334 3992 momenti
1355 3944 1593 3992 existimas
1612 3944 1886 4008 apparuisse
1918 3950 1965 3990 te
1996 3954 2139 4004 snpra
2160 3936 2275 3985 nihil
2295 3938 2359 3985 de

173 4019 438 4072 fortitudine
457 4024 724 4088 intelligere
750 4042 763 4073 :
802 4025 953 4072 solum
977 4040 1090 4072 vero
1113 4024 1164 4071 id
1186 4039 1338 4081 curas,
1359 4033 1509 4073 utrum
1532 4041 1622 4089 ego
1643 4040 1834 4089 quoque
1855 4023 1960 4070 talis
1978 4022 2168 4068 ridear:
2203 4030 2360 4079 neque

175 4101 421 4166 quidquam
460 4105 684 4167 interesse
724 4106 954 4168 censebis,
992 4105 1135 4153 modo
1166 4114 1217 4153 et
1251 4105 1353 4169 ipse
1390 4114 1544 4154 tecum
1570 4105 1684 4154 nihil
1722 4104 1982 4167 intelligam
2014 4117 2071 4149 ex
2101 4098 2174 4146 his
2207 4096 2363 4150 rebus.

175 4194 281 4242 quas
299 4185 416 4233 scire
439 4184 600 4243 debet,
637 4186 849 4250 quisquis
882 4202 931 4234 se
954 4187 1111 4250 magni
1134 4186 1265 4235 facit.
1331 4186 1519 4235 Videris
1541 4202 1653 4251 ergo
1675 4200 1832 4235 revera
1854 4186 2108 4232 humanum
2131 4176 2355 4242 quiddam

176 4274 318 4323 tzere,
341 4267 468 4328 quod
494 4282 591 4314 non
627 4275 692 4335 ιεσ
707 4267 877 4330 ipsum,
917 4269 1000 4316 sed
1031 4268 1147 4317 alios
1169 4267 1381 4331 respicis.
1447 4268 1551 4331 Ego
1586 4276 1740 4316 autem
1775 4265 1984 4319 arbitror,
2024 4259 2140 4308 mihi
2162 4258 2272 4303 satis
2294 4255 2357 4299 de

176 4344 478 4404 superioribus
497 4362 600 4395 esse
633 4349 832 4397 dictum.
864 4349 1037 4413 siquid
1064 4366 1172 4398 vero
1209 4350 1363 4397 minus
1395 4349 1677 4398 sufficienter
1706 4349 1882 4395 dictum
1906 4352 1995 4399 est,
2030 4338 2226 4403 pos¹h¹¹c
2248 4347 2355 4379 cum

175 4416 383 4472 Damone
419 4426 525 4489 ipso
568 4429 811 4492 corrigam,
841 4445 980 4493 quem
1005 4440 1076 4493 tu,
1109 4447 1216 4480 cum
1253 4446 1494 4495 nunquam
1519 4431 1708 4485 rideris,
1740 4425 1975 4476 existimas
2013 4412 2354 4500 deridendum:

173 4515 365 4568 cunque
386 4506 493 4554 aliis
515 4509 657 4557 etiam
699 4513 959 4561 emendabo
984 4529 997 4562 ι
1029 4528 1084 4564 ao
1107 4520 1358 4578 postquam
1392 4513 1555 4561 omnia
1587 4509 1940 4565 confirmavero,
1977 4498 2176 4623 81)Ἧυῖ
2182 4491 2362 4539 imum
