<?xml version="1.0" encoding="UTF-8"?>
<!DOCTYPE html PUBLIC "-//W3C//DTD XHTML 1.0 Transitional//EN"
    "http://www.w3.org/TR/xhtml1/DTD/xhtml1-transitional.dtd">
<html xmlns="http://www.w3.org/1999/xhtml" xml:lang="en" lang="en">
 <head>
  <title>
</title>
<meta http-equiv="Content-Type" content="text/html;charset=utf-8" />
  <meta name='ocr-system' content='tesseract 3.04.00' />
  <meta name='ocr-capabilities' content='ocr_page ocr_carea ocr_par ocr_line ocrx_word'/>
</head>
<body>
  <div class='ocr_page' id='page_1' title='image "./platonisetquaev05unkngoog_0210.png"; bbox 0 0 2917 4975; ppageno 0'>
   <div class='ocr_carea' id='block_1_1' title="bbox 534 428 2728 510">
    <p class='ocr_par' dir='ltr' id='par_1_1' title="bbox 534 428 2728 510">
     <span class='ocr_line' id='line_1_1' title="bbox 534 428 2728 510; baseline -0.005 -9"><span class='ocrx_word' id='word_1_1' title='bbox 534 442 649 501; x_wconf 80' lang='lat'><strong>188</strong></span> <span class='ocrx_word' id='word_1_2' title='bbox 1421 428 1821 490; x_wconf 74' lang='lat' dir='ltr'><strong>PLA‘roms</strong></span> <span class='ocrx_word' id='word_1_3' title='bbox 2585 431 2728 510; x_wconf 76' lang='lat'>[449</span> 
     </span>
    </p>
   </div>
   <div class='ocr_carea' id='block_1_2' title="bbox 482 582 2746 4517">
    <p class='ocr_par' dir='ltr' id='par_1_2' title="bbox 482 582 2746 4517">
     <span class='ocr_line' id='line_1_2' title="bbox 531 582 2732 651; baseline -0.006 -6"><span class='ocrx_word' id='word_1_4' title='bbox 531 604 642 645; x_wconf 87' lang='lat' dir='ltr'><strong>sunt</strong></span> <span class='ocrx_word' id='word_1_5' title='bbox 664 594 746 642; x_wconf 78' lang='lat' dir='ltr'><strong>alii</strong></span> <span class='ocrx_word' id='word_1_6' title='bbox 767 593 959 642; x_wconf 77' lang='lat' dir='ltr'><strong>aliarum</strong></span> <span class='ocrx_word' id='word_1_7' title='bbox 981 589 1115 639; x_wconf 78' lang='lat' dir='ltr'><strong>aliter</strong></span> <span class='ocrx_word' id='word_1_8' title='bbox 1136 606 1151 638; x_wconf 72' lang='grc' dir='ltr'><em>ε</em></span> <span class='ocrx_word' id='word_1_9' title='bbox 1185 586 1469 651; x_wconf 75' lang='lat' dir='ltr'><strong>optimarum</strong></span> <span class='ocrx_word' id='word_1_10' title='bbox 1492 599 1602 634; x_wconf 80' lang='lat' dir='ltr'><strong>vero</strong></span> <span class='ocrx_word' id='word_1_11' title='bbox 1624 582 1793 647; x_wconf 84' lang='lat' dir='ltr'><strong>optimi</strong></span> <span class='ocrx_word' id='word_1_12' title='bbox 1812 600 1827 630; x_wconf 72' lang='lat' dir='ltr'><strong>a</strong></span> <span class='ocrx_word' id='word_1_13' title='bbox 1861 596 2060 647; x_wconf 84' lang='lat' dir='ltr'><strong>qnorum</strong></span> <span class='ocrx_word' id='word_1_14' title='bbox 2084 597 2141 633; x_wconf 74' lang='lat' dir='ltr'><strong>es</strong></span> <span class='ocrx_word' id='word_1_15' title='bbox 2179 597 2375 631; x_wconf 88' lang='lat' dir='ltr'><strong>numero</strong></span> <span class='ocrx_word' id='word_1_16' title='bbox 2404 582 2482 631; x_wconf 76' lang='lat' dir='ltr'><strong>liic</strong></span> <span class='ocrx_word' id='word_1_17' title='bbox 2517 590 2592 633; x_wconf 80' lang='lat' dir='ltr'><strong>est</strong></span> <span class='ocrx_word' id='word_1_18' title='bbox 2611 582 2732 632; x_wconf 82' lang='lat' dir='ltr'><strong>Gor·</strong></span> 
     </span>
     <span class='ocr_line' id='line_1_3' title="bbox 533 661 2734 738; baseline -0.006 -16"><span class='ocrx_word' id='word_1_19' title='bbox 533 673 652 738; x_wconf 74' lang='lat' dir='ltr'><strong>gius,</strong></span> <span class='ocrx_word' id='word_1_20' title='bbox 668 682 767 722; x_wconf 83' lang='lat' dir='ltr'><strong>arte</strong></span> <span class='ocrx_word' id='word_1_21' title='bbox 790 669 1098 735; x_wconf 80' lang='lat' dir='ltr'><strong>pulcherrima</strong></span> <span class='ocrx_word' id='word_1_22' title='bbox 1120 666 1362 733; x_wconf 65' lang='lat' dir='ltr'><strong>praeditus.</strong></span> <span class='ocrx_word' id='word_1_23' title='bbox 1427 664 1518 714; x_wconf 88' lang='lat' dir='ltr'><strong>So.</strong></span> <span class='ocrx_word' id='word_1_24' title='bbox 1552 661 1785 711; x_wconf 54' lang='lat' dir='ltr'><strong>Pru-clere</strong></span> <span class='ocrx_word' id='word_1_25' title='bbox 1801 661 2016 725; x_wconf 83' lang='lat' dir='ltr'><strong>quidem,</strong></span> <span class='ocrx_word' id='word_1_26' title='bbox 2036 678 2068 710; x_wconf 93' lang='grc'><strong>0</strong></span> <span class='ocrx_word' id='word_1_27' title='bbox 2090 661 2486 726; x_wconf 75' lang='lat' dir='ltr'><strong>Gorgia,videtur</strong></span> <span class='ocrx_word' id='word_1_28' title='bbox 2511 661 2657 711; x_wconf 88' lang='lat' dir='ltr'><strong>Polus</strong></span> <span class='ocrx_word' id='word_1_29' title='bbox 2675 662 2734 710; x_wconf 86' lang='lat' dir='ltr'><strong>ad</strong></span> 
     </span>
     <span class='ocr_line' id='line_1_4' title="bbox 533 742 2732 817; baseline -0.005 -16"><span class='ocrx_word' id='word_1_30' title='bbox 533 754 760 801; x_wconf 81' lang='lat' dir='ltr'><strong>orandum</strong></span> <span class='ocrx_word' id='word_1_31' title='bbox 805 758 1011 817; x_wconf 76' lang='lat' dir='ltr'><strong>paratus.</strong></span> <span class='ocrx_word' id='word_1_32' title='bbox 1043 756 1352 798; x_wconf 70' lang='lat' dir='ltr'>veruntamen</span> <span class='ocrx_word' id='word_1_33' title='bbox 1393 745 1525 810; x_wconf 83' lang='lat' dir='ltr'><strong>qnod</strong></span> <span class='ocrx_word' id='word_1_34' title='bbox 1567 743 1784 808; x_wconf 87' lang='lat' dir='ltr'><strong>promisit</strong></span> <span class='ocrx_word' id='word_1_35' title='bbox 1824 742 2186 806; x_wconf 78' lang='lat' dir='ltr'><strong>Chaerephonti,</strong></span> <span class='ocrx_word' id='word_1_36' title='bbox 2220 758 2319 790; x_wconf 89' lang='lat' dir='ltr'><strong>non</strong></span> <span class='ocrx_word' id='word_1_37' title='bbox 2355 751 2527 791; x_wconf 76' lang='lat' dir='ltr'><strong>servat.</strong></span> <span class='ocrx_word' id='word_1_38' title='bbox 2593 742 2732 790; x_wconf 77' lang='lat' dir='ltr'><strong>Gon.</strong></span> 
     </span>
     <span class='ocr_line' id='line_1_5' title="bbox 534 821 2736 891; baseline -0.006 -9"><span class='ocrx_word' id='word_1_39' title='bbox 534 834 631 883; x_wconf 88' lang='lat' dir='ltr'><strong>Cur</strong></span> <span class='ocrx_word' id='word_1_40' title='bbox 653 848 769 891; x_wconf 89' lang='lat' dir='ltr'><strong>non,</strong></span> <span class='ocrx_word' id='word_1_41' title='bbox 789 849 821 881; x_wconf 92' lang='lat' dir='ltr'><strong>o</strong></span> <span class='ocrx_word' id='word_1_42' title='bbox 840 833 1057 880; x_wconf 81' lang='lat' dir='ltr'><strong>Socrates</strong></span> <span class='ocrx_word' id='word_1_43' title='bbox 1080 829 1099 878; x_wconf 71' lang='grc' dir='ltr'><strong><em>ἓ</em></strong></span> <span class='ocrx_word' id='word_1_44' title='bbox 1164 829 1252 878; x_wconf 90' lang='grc'><strong>80.</strong></span> <span class='ocrx_word' id='word_1_45' title='bbox 1284 825 1362 874; x_wconf 81' lang='lat' dir='ltr'><strong>Ad</strong></span> <span class='ocrx_word' id='word_1_46' title='bbox 1386 823 1801 888; x_wconf 67' lang='lat' dir='ltr'><strong>interrogationem</strong></span> <span class='ocrx_word' id='word_1_47' title='bbox 1824 823 2018 886; x_wconf 88' lang='lat' dir='ltr'><strong>quidem</strong></span> <span class='ocrx_word' id='word_1_48' title='bbox 2041 837 2139 870; x_wconf 85' lang='lat' dir='ltr'><strong>non</strong></span> <span class='ocrx_word' id='word_1_49' title='bbox 2160 823 2276 872; x_wconf 81' lang='lat' dir='ltr'><strong>satis</strong></span> <span class='ocrx_word' id='word_1_50' title='bbox 2296 821 2603 887; x_wconf 84' lang='lat' dir='ltr'><strong>respondisse</strong></span> <span class='ocrx_word' id='word_1_51' title='bbox 2623 823 2736 870; x_wconf 81' lang='lat' dir='ltr'><strong>mibi</strong></span> 
     </span>
     <span class='ocr_line' id='line_1_6' title="bbox 536 902 2736 969; baseline -0.005 -10"><span class='ocrx_word' id='word_1_52' title='bbox 536 914 741 962; x_wconf 68' lang='lat' dir='ltr'><strong>videtur.</strong></span> <span class='ocrx_word' id='word_1_53' title='bbox 806 911 947 962; x_wconf 77' lang='lat' dir='ltr'><strong>Gon.</strong></span> <span class='ocrx_word' id='word_1_54' title='bbox 980 911 1052 959; x_wconf 78' lang='lat' dir='ltr'><strong>At</strong></span> <span class='ocrx_word' id='word_1_55' title='bbox 1078 919 1129 958; x_wconf 89' lang='lat' dir='ltr'><strong>tu</strong></span> <span class='ocrx_word' id='word_1_56' title='bbox 1165 909 1351 964; x_wconf 87' lang='lat' dir='ltr'><strong>iterum,</strong></span> <span class='ocrx_word' id='word_1_57' title='bbox 1373 907 1416 955; x_wconf 87' lang='lat' dir='ltr'><strong>si</strong></span> <span class='ocrx_word' id='word_1_58' title='bbox 1436 906 1535 963; x_wconf 78' lang='lat' dir='ltr'><strong>vis,</strong></span> <span class='ocrx_word' id='word_1_59' title='bbox 1565 910 1692 969; x_wconf 87' lang='lat' dir='ltr'><strong>pete.</strong></span> <span class='ocrx_word' id='word_1_60' title='bbox 1756 903 1844 954; x_wconf 88' lang='grc'><strong>80.</strong></span> <span class='ocrx_word' id='word_1_61' title='bbox 1879 903 1930 952; x_wconf 88' lang='lat' dir='ltr'><strong>Si</strong></span> <span class='ocrx_word' id='word_1_62' title='bbox 1972 912 2041 960; x_wconf 86' lang='grc' dir='ltr'>ιιι.</span> <span class='ocrx_word' id='word_1_63' title='bbox 2066 902 2264 967; x_wconf 79' lang='lat' dir='ltr'><strong>Gorgia,</strong></span> <span class='ocrx_word' id='word_1_64' title='bbox 2302 904 2587 967; x_wconf 82' lang='lat' dir='ltr'><strong>respondere</strong></span> <span class='ocrx_word' id='word_1_65' title='bbox 2627 902 2736 950; x_wconf 71' lang='lat' dir='ltr'><strong>milti</strong></span> 
     </span>
     <span class='ocr_line' id='line_1_7' title="bbox 536 983 2737 1057; baseline -0.005 -16"><span class='ocrx_word' id='word_1_66' title='bbox 536 993 699 1051; x_wconf 74' lang='lat' dir='ltr'><strong>velles,</strong></span> <span class='ocrx_word' id='word_1_67' title='bbox 719 1008 750 1041; x_wconf 80' lang='lat' dir='ltr'><strong>s</strong></span> <span class='ocrx_word' id='word_1_68' title='bbox 772 1000 818 1042; x_wconf 81' lang='lat' dir='ltr'><strong>te</strong></span> <span class='ocrx_word' id='word_1_69' title='bbox 841 992 950 1057; x_wconf 80' lang='lat' dir='ltr'><strong>ipso</strong></span> <span class='ocrx_word' id='word_1_70' title='bbox 973 988 1198 1040; x_wconf 85' lang='lat' dir='ltr'><strong>libentius</strong></span> <span class='ocrx_word' id='word_1_71' title='bbox 1232 1002 1509 1052; x_wconf 66' lang='lat' dir='ltr'><strong>quarerem,</strong></span> <span class='ocrx_word' id='word_1_72' title='bbox 1546 1000 1688 1050; x_wconf 81' lang='lat' dir='ltr'><strong>quam</strong></span> <span class='ocrx_word' id='word_1_73' title='bbox 1727 1000 1758 1033; x_wconf 81' lang='lat' dir='ltr'><strong>s</strong></span> <span class='ocrx_word' id='word_1_74' title='bbox 1796 984 1938 1033; x_wconf 90' lang='lat' dir='ltr'><strong>Polo.</strong></span> <span class='ocrx_word' id='word_1_75' title='bbox 1971 992 2161 1032; x_wconf 81' lang='lat' dir='ltr'><strong>constat</strong></span> <span class='ocrx_word' id='word_1_76' title='bbox 2195 984 2339 1041; x_wconf 88' lang='lat' dir='ltr'><strong>enim,</strong></span> <span class='ocrx_word' id='word_1_77' title='bbox 2361 983 2534 1033; x_wconf 85' lang='lat' dir='ltr'><strong>Polum</strong></span> <span class='ocrx_word' id='word_1_78' title='bbox 2576 998 2737 1046; x_wconf 79' lang='lat' dir='ltr'><strong>peres</strong></span> 
     </span>
     <span class='ocr_line' id='line_1_8' title="bbox 535 1062 2737 1140; baseline -0.006 -17"><span class='ocrx_word' id='word_1_79' title='bbox 535 1089 643 1140; x_wconf 71' lang='lat' dir='ltr'><strong>quo</strong></span> <span class='ocrx_word' id='word_1_80' title='bbox 667 1074 811 1122; x_wconf 89' lang='lat' dir='ltr'><strong>modo</strong></span> <span class='ocrx_word' id='word_1_81' title='bbox 832 1071 1096 1136; x_wconf 83' lang='lat' dir='ltr'><strong>respondit,</strong></span> <span class='ocrx_word' id='word_1_82' title='bbox 1115 1068 1358 1118; x_wconf 67' lang='lat' dir='ltr'><strong>rhetorica</strong></span> <span class='ocrx_word' id='word_1_83' title='bbox 1382 1066 1531 1132; x_wconf 73' lang='lat' dir='ltr'><strong>magis</strong></span> <span class='ocrx_word' id='word_1_84' title='bbox 1551 1081 1697 1130; x_wconf 77' lang='lat' dir='ltr'><strong>quam</strong></span> <span class='ocrx_word' id='word_1_85' title='bbox 1724 1064 1986 1114; x_wconf 85' lang='lat' dir='ltr'><strong>disserendi</strong></span> <span class='ocrx_word' id='word_1_86' title='bbox 2011 1064 2101 1112; x_wconf 83' lang='lat' dir='ltr'><strong>arti</strong></span> <span class='ocrx_word' id='word_1_87' title='bbox 2121 1079 2312 1129; x_wconf 78' lang='lat' dir='ltr'><strong>operam</strong></span> <span class='ocrx_word' id='word_1_88' title='bbox 2333 1063 2541 1114; x_wconf 83' lang='lat' dir='ltr'><strong>dedisse.</strong></span> <span class='ocrx_word' id='word_1_89' title='bbox 2609 1062 2737 1112; x_wconf 78' lang='lat' dir='ltr'><strong>Por..</strong></span> 
     </span>
     <span class='ocr_line' id='line_1_9' title="bbox 537 1143 2739 1216; baseline -0.005 -12"><span class='ocrx_word' id='word_1_90' title='bbox 537 1156 636 1205; x_wconf 87' lang='lat' dir='ltr'><strong>Cur</strong></span> <span class='ocrx_word' id='word_1_91' title='bbox 656 1153 727 1215; x_wconf 85' lang='lat' dir='ltr'><strong>id,</strong></span> <span class='ocrx_word' id='word_1_92' title='bbox 746 1167 777 1201; x_wconf 91' lang='grc'><strong>0</strong></span> <span class='ocrx_word' id='word_1_93' title='bbox 798 1154 1035 1216; x_wconf 81' lang='lat' dir='ltr'><strong>Socrates,</strong></span> <span class='ocrx_word' id='word_1_94' title='bbox 1054 1150 1162 1199; x_wconf 79' lang='lat' dir='ltr'><strong>eis?</strong></span> <span class='ocrx_word' id='word_1_95' title='bbox 1227 1149 1313 1200; x_wconf 93' lang='grc'><strong>80.</strong></span> <span class='ocrx_word' id='word_1_96' title='bbox 1347 1147 1478 1206; x_wconf 81' lang='lat' dir='ltr'><strong>Quia</strong></span> <span class='ocrx_word' id='word_1_97' title='bbox 1498 1162 1605 1195; x_wconf 88' lang='lat' dir='ltr'><strong>cum</strong></span> <span class='ocrx_word' id='word_1_98' title='bbox 1627 1147 1962 1210; x_wconf 66' lang='lat' dir='ltr'><strong>interrogasset</strong></span> <span class='ocrx_word' id='word_1_99' title='bbox 1983 1144 2301 1208; x_wconf 67' lang='lat' dir='ltr'><strong>Chnrephon,</strong></span> <span class='ocrx_word' id='word_1_100' title='bbox 2334 1143 2473 1210; x_wconf 85' lang='lat' dir='ltr'><strong>cujus</strong></span> <span class='ocrx_word' id='word_1_101' title='bbox 2503 1144 2617 1193; x_wconf 81' lang='lat' dir='ltr'><strong>artis</strong></span> <span class='ocrx_word' id='word_1_102' title='bbox 2653 1159 2739 1207; x_wconf 87' lang='lat' dir='ltr'><strong>pe·</strong></span> 
     </span>
     <span class='ocr_line' id='line_1_10' title="bbox 534 1224 2737 1297; baseline -0.005 -13"><span class='ocrx_word' id='word_1_103' title='bbox 534 1236 651 1284; x_wconf 88' lang='lat' dir='ltr'><strong>ritus</strong></span> <span class='ocrx_word' id='word_1_104' title='bbox 665 1242 791 1284; x_wconf 84' lang='lat' dir='ltr'><strong>esset</strong></span> <span class='ocrx_word' id='word_1_105' title='bbox 806 1233 1028 1297; x_wconf 63' lang='lat' dir='ltr'><strong>Gorgias,</strong></span> <span class='ocrx_word' id='word_1_106' title='bbox 1049 1229 1250 1280; x_wconf 80' lang='lat' dir='ltr'><strong>laudasti</strong></span> <span class='ocrx_word' id='word_1_107' title='bbox 1272 1236 1323 1276; x_wconf 84' lang='lat' dir='ltr'><strong>tu</strong></span> <span class='ocrx_word' id='word_1_108' title='bbox 1342 1227 1555 1293; x_wconf 88' lang='lat' dir='ltr'><strong>quidem,</strong></span> <span class='ocrx_word' id='word_1_109' title='bbox 1576 1242 1607 1275; x_wconf 93' lang='lat' dir='ltr'><strong>o</strong></span> <span class='ocrx_word' id='word_1_110' title='bbox 1627 1225 1769 1284; x_wconf 84' lang='lat' dir='ltr'><strong>Pole,</strong></span> <span class='ocrx_word' id='word_1_111' title='bbox 1790 1224 1896 1290; x_wconf 90' lang='lat' dir='ltr'><strong>ejus</strong></span> <span class='ocrx_word' id='word_1_112' title='bbox 1916 1234 2082 1285; x_wconf 87' lang='lat' dir='ltr'><strong>artem,</strong></span> <span class='ocrx_word' id='word_1_113' title='bbox 2117 1226 2252 1289; x_wconf 74' lang='lat' dir='ltr'><strong>quasi</strong></span> <span class='ocrx_word' id='word_1_114' title='bbox 2280 1225 2389 1290; x_wconf 86' lang='lat' dir='ltr'><strong>quis</strong></span> <span class='ocrx_word' id='word_1_115' title='bbox 2421 1240 2527 1274; x_wconf 78' lang='lat' dir='ltr'><strong>eam</strong></span> <span class='ocrx_word' id='word_1_116' title='bbox 2550 1226 2737 1289; x_wconf 82' lang='lat' dir='ltr'><strong>vitupe-</strong></span> 
     </span>
     <span class='ocr_line' id='line_1_11' title="bbox 538 1305 2737 1379; baseline -0.005 -15"><span class='ocrx_word' id='word_1_117' title='bbox 538 1322 716 1364; x_wconf 81' lang='lat' dir='ltr'><strong>rasset:</strong></span> <span class='ocrx_word' id='word_1_118' title='bbox 750 1330 858 1379; x_wconf 70' lang='lat' dir='ltr'><strong>qua</strong></span> <span class='ocrx_word' id='word_1_119' title='bbox 890 1329 999 1362; x_wconf 83' lang='lat' dir='ltr'><strong>vero</strong></span> <span class='ocrx_word' id='word_1_120' title='bbox 1034 1311 1117 1361; x_wconf 84' lang='lat' dir='ltr'><strong>illa</strong></span> <span class='ocrx_word' id='word_1_121' title='bbox 1152 1311 1230 1367; x_wconf 85' lang='lat' dir='ltr'><strong>sit,</strong></span> <span class='ocrx_word' id='word_1_122' title='bbox 1251 1325 1348 1357; x_wconf 91' lang='lat' dir='ltr'><strong>non</strong></span> <span class='ocrx_word' id='word_1_123' title='bbox 1389 1307 1693 1372; x_wconf 71' lang='lat' dir='ltr'><strong>respondisti.</strong></span> <span class='ocrx_word' id='word_1_124' title='bbox 1759 1306 1888 1358; x_wconf 73' lang='lat' dir='ltr'><strong>Por..</strong></span> <span class='ocrx_word' id='word_1_125' title='bbox 1920 1306 2098 1354; x_wconf 80' lang='lat' dir='ltr'><strong>Nonne</strong></span> <span class='ocrx_word' id='word_1_126' title='bbox 2132 1305 2489 1370; x_wconf 78' lang='lat' dir='ltr'><strong>pulcherrimam</strong></span> <span class='ocrx_word' id='word_1_127' title='bbox 2527 1322 2631 1354; x_wconf 85' lang='lat' dir='ltr'><strong>esse</strong></span> <span class='ocrx_word' id='word_1_128' title='bbox 2668 1321 2737 1354; x_wconf 86' lang='lat' dir='ltr'><strong>re·</strong></span> 
     </span>
     <span class='ocr_line' id='line_1_12' title="bbox 538 1385 2735 1460; baseline -0.003 -17"><span class='ocrx_word' id='word_1_129' title='bbox 538 1394 746 1460; x_wconf 82' lang='lat' dir='ltr'><strong>spondi?</strong></span> <span class='ocrx_word' id='word_1_130' title='bbox 811 1395 895 1446; x_wconf 85' lang='grc'><strong>80.</strong></span> <span class='ocrx_word' id='word_1_131' title='bbox 930 1393 1125 1443; x_wconf 89' lang='lat' dir='ltr'><strong>Prorsus</strong></span> <span class='ocrx_word' id='word_1_132' title='bbox 1153 1390 1359 1455; x_wconf 84' lang='lat' dir='ltr'><strong>quidem.</strong></span> <span class='ocrx_word' id='word_1_133' title='bbox 1394 1388 1479 1436; x_wconf 86' lang='lat' dir='ltr'><strong>sed</strong></span> <span class='ocrx_word' id='word_1_134' title='bbox 1517 1403 1675 1445; x_wconf 86' lang='lat' dir='ltr'><strong>nemo,</strong></span> <span class='ocrx_word' id='word_1_135' title='bbox 1711 1386 1868 1451; x_wconf 78' lang='lat' dir='ltr'><strong>qualis</strong></span> <span class='ocrx_word' id='word_1_136' title='bbox 1896 1387 1957 1435; x_wconf 87' lang='lat' dir='ltr'><strong>sit</strong></span> <span class='ocrx_word' id='word_1_137' title='bbox 1993 1401 2067 1434; x_wconf 79' lang='lat' dir='ltr'><strong>ars</strong></span> <span class='ocrx_word' id='word_1_138' title='bbox 2101 1385 2312 1450; x_wconf 75' lang='lat' dir='ltr'><strong>Gorgioe,</strong></span> <span class='ocrx_word' id='word_1_139' title='bbox 2342 1387 2620 1450; x_wconf 52' lang='lat' dir='ltr'><strong>quaerebam</strong></span> <span class='ocrx_word' id='word_1_140' title='bbox 2652 1387 2735 1436; x_wconf 88' lang='lat' dir='ltr'><strong>sed</strong></span> 
     </span>
     <span class='ocr_line' id='line_1_13' title="bbox 537 1466 2739 1540; baseline -0.004 -16"><span class='ocrx_word' id='word_1_141' title='bbox 537 1491 757 1540; x_wconf 69' lang='lat' dir='ltr'><strong>quonam</strong></span> <span class='ocrx_word' id='word_1_142' title='bbox 778 1475 858 1531; x_wconf 83' lang='lat' dir='ltr'><strong>sit,</strong></span> <span class='ocrx_word' id='word_1_143' title='bbox 878 1483 927 1522; x_wconf 89' lang='lat' dir='ltr'><strong>et</strong></span> <span class='ocrx_word' id='word_1_144' title='bbox 947 1488 1088 1537; x_wconf 88' lang='lat' dir='ltr'><strong>quem</strong></span> <span class='ocrx_word' id='word_1_145' title='bbox 1110 1477 1328 1536; x_wconf 84' lang='lat' dir='ltr'><strong>oporteat</strong></span> <span class='ocrx_word' id='word_1_146' title='bbox 1349 1468 1507 1518; x_wconf 78' lang='lat' dir='ltr'><strong>vocari</strong></span> <span class='ocrx_word' id='word_1_147' title='bbox 1529 1466 1753 1532; x_wconf 81' lang='lat' dir='ltr'><strong>Gorgiam</strong></span> <span class='ocrx_word' id='word_1_148' title='bbox 1776 1485 1788 1515; x_wconf 69' lang='grc' dir='ltr'><strong>ε</strong></span> <span class='ocrx_word' id='word_1_149' title='bbox 1823 1466 2223 1532; x_wconf 78' lang='lat' dir='ltr'><strong>quemadmodum</strong></span> <span class='ocrx_word' id='word_1_150' title='bbox 2261 1475 2309 1515; x_wconf 90' lang='lat' dir='ltr'><strong>te</strong></span> <span class='ocrx_word' id='word_1_151' title='bbox 2343 1467 2474 1531; x_wconf 84' lang='lat' dir='ltr'><strong>prins</strong></span> <span class='ocrx_word' id='word_1_152' title='bbox 2508 1468 2739 1531; x_wconf 83' lang='lat' dir='ltr'><strong>quodam·</strong></span> 
     </span>
     <span class='ocr_line' id='line_1_14' title="bbox 538 1547 2737 1616; baseline -0.003 -13"><span class='ocrx_word' id='word_1_153' title='bbox 538 1556 682 1604; x_wconf 74' lang='lat' dir='ltr'><strong>niodo</strong></span> <span class='ocrx_word' id='word_1_154' title='bbox 724 1556 981 1605; x_wconf 80' lang='lat' dir='ltr'><strong>instruebat</strong></span> <span class='ocrx_word' id='word_1_155' title='bbox 1018 1551 1339 1616; x_wconf 64' lang='lat' dir='ltr'><strong>Choreplron,</strong></span> <span class='ocrx_word' id='word_1_156' title='bbox 1381 1565 1438 1599; x_wconf 81' lang='lat' dir='ltr'><strong>ac</strong></span> <span class='ocrx_word' id='word_1_157' title='bbox 1479 1556 1532 1597; x_wconf 92' lang='lat' dir='ltr'><strong>tu</strong></span> <span class='ocrx_word' id='word_1_158' title='bbox 1575 1548 1645 1598; x_wconf 89' lang='lat' dir='ltr'><strong>illi</strong></span> <span class='ocrx_word' id='word_1_159' title='bbox 1699 1548 1849 1614; x_wconf 71' lang='lat'>[449]</span> <span class='ocrx_word' id='word_1_160' title='bbox 1898 1550 2020 1597; x_wconf 87' lang='lat' dir='ltr'><strong>bene</strong></span> <span class='ocrx_word' id='word_1_161' title='bbox 2064 1547 2359 1611; x_wconf 68' lang='lat' dir='ltr'><strong>bns-iterque</strong></span> <span class='ocrx_word' id='word_1_162' title='bbox 2400 1549 2737 1612; x_wconf 72' lang='lat' dir='ltr'><strong>respondebas.</strong></span> 
     </span>
     <span class='ocr_line' id='line_1_15' title="bbox 538 1627 2739 1700; baseline -0.003 -16"><span class='ocrx_word' id='word_1_163' title='bbox 538 1635 687 1686; x_wconf 87' lang='lat' dir='ltr'><strong>Nunc</strong></span> <span class='ocrx_word' id='word_1_164' title='bbox 706 1651 818 1700; x_wconf 87' lang='lat' dir='ltr'><strong>ergo</strong></span> <span class='ocrx_word' id='word_1_165' title='bbox 839 1635 1005 1685; x_wconf 80' lang='lat' dir='ltr'><strong>eadem</strong></span> <span class='ocrx_word' id='word_1_166' title='bbox 1028 1633 1209 1681; x_wconf 84' lang='lat' dir='ltr'><strong>ratione</strong></span> <span class='ocrx_word' id='word_1_167' title='bbox 1231 1632 1380 1688; x_wconf 80' lang='lat' dir='ltr'><strong>dicas,</strong></span> <span class='ocrx_word' id='word_1_168' title='bbox 1401 1645 1620 1695; x_wconf 58' lang='lat' dir='ltr'><strong>quanam</strong></span> <span class='ocrx_word' id='word_1_169' title='bbox 1643 1645 1734 1686; x_wconf 75' lang='lat' dir='ltr'><strong>ars,</strong></span> <span class='ocrx_word' id='word_1_170' title='bbox 1756 1637 1809 1678; x_wconf 86' lang='lat' dir='ltr'><strong>et</strong></span> <span class='ocrx_word' id='word_1_171' title='bbox 1828 1644 1970 1693; x_wconf 89' lang='lat' dir='ltr'><strong>quem</strong></span> <span class='ocrx_word' id='word_1_172' title='bbox 2008 1628 2233 1693; x_wconf 83' lang='lat' dir='ltr'><strong>Gorgiam</strong></span> <span class='ocrx_word' id='word_1_173' title='bbox 2265 1627 2413 1676; x_wconf 89' lang='lat' dir='ltr'><strong>simus</strong></span> <span class='ocrx_word' id='word_1_174' title='bbox 2432 1629 2739 1692; x_wconf 79' lang='lat' dir='ltr'><strong>appellaturi.</strong></span> 
     </span>
     <span class='ocr_line' id='line_1_16' title="bbox 538 1707 2741 1776; baseline -0.004 -12"><span class='ocrx_word' id='word_1_175' title='bbox 538 1716 692 1764; x_wconf 84' lang='lat' dir='ltr'><strong>Immo</strong></span> <span class='ocrx_word' id='word_1_176' title='bbox 714 1730 822 1762; x_wconf 75' lang='lat' dir='ltr'><strong>vero</strong></span> <span class='ocrx_word' id='word_1_177' title='bbox 843 1724 915 1771; x_wconf 88' lang='lat' dir='ltr'><strong>tu,</strong></span> <span class='ocrx_word' id='word_1_178' title='bbox 937 1713 1134 1776; x_wconf 82' lang='lat' dir='ltr'><strong>Gorgia,</strong></span> <span class='ocrx_word' id='word_1_179' title='bbox 1157 1711 1293 1759; x_wconf 89' lang='lat' dir='ltr'><strong>nobis</strong></span> <span class='ocrx_word' id='word_1_180' title='bbox 1314 1710 1532 1768; x_wconf 83' lang='lat' dir='ltr'><strong>ostende,</strong></span> <span class='ocrx_word' id='word_1_181' title='bbox 1552 1726 1694 1774; x_wconf 89' lang='lat' dir='ltr'><strong>quem</strong></span> <span class='ocrx_word' id='word_1_182' title='bbox 1716 1708 1949 1758; x_wconf 81' lang='lat' dir='ltr'><strong>nominari</strong></span> <span class='ocrx_word' id='word_1_183' title='bbox 1972 1715 2018 1758; x_wconf 88' lang='lat' dir='ltr'><strong>te</strong></span> <span class='ocrx_word' id='word_1_184' title='bbox 2040 1709 2230 1772; x_wconf 77' lang='lat' dir='ltr'><strong>deceat,</strong></span> <span class='ocrx_word' id='word_1_185' title='bbox 2249 1717 2301 1756; x_wconf 90' lang='lat' dir='ltr'><strong>et</strong></span> <span class='ocrx_word' id='word_1_186' title='bbox 2328 1707 2467 1772; x_wconf 85' lang='lat' dir='ltr'><strong>cnjus</strong></span> <span class='ocrx_word' id='word_1_187' title='bbox 2487 1708 2600 1756; x_wconf 73' lang='lat' dir='ltr'><strong>anis</strong></span> <span class='ocrx_word' id='word_1_188' title='bbox 2623 1710 2741 1773; x_wconf 85' lang='lat' dir='ltr'><strong>peri-</strong></span> 
     </span>
     <span class='ocr_line' id='line_1_17' title="bbox 541 1789 2738 1854; baseline -0.003 -11"><span class='ocrx_word' id='word_1_189' title='bbox 541 1804 662 1844; x_wconf 86' lang='lat' dir='ltr'><strong>tum.</strong></span> <span class='ocrx_word' id='word_1_190' title='bbox 725 1794 863 1843; x_wconf 83' lang='lat' dir='ltr'><strong>Gon.</strong></span> <span class='ocrx_word' id='word_1_191' title='bbox 897 1794 1235 1850; x_wconf 74' lang='lat' dir='ltr'><strong>Rhetoricae,o</strong></span> <span class='ocrx_word' id='word_1_192' title='bbox 1256 1792 1490 1840; x_wconf 81' lang='lat' dir='ltr'><strong>Socrates.</strong></span> <span class='ocrx_word' id='word_1_193' title='bbox 1556 1791 1642 1839; x_wconf 90' lang='lat' dir='ltr'><strong>So.</strong></span> <span class='ocrx_word' id='word_1_194' title='bbox 1677 1789 1935 1839; x_wconf 86' lang='lat' dir='ltr'><strong>Rhetorem</strong></span> <span class='ocrx_word' id='word_1_195' title='bbox 1972 1805 2084 1854; x_wconf 89' lang='lat' dir='ltr'><strong>ergo</strong></span> <span class='ocrx_word' id='word_1_196' title='bbox 2122 1797 2169 1837; x_wconf 89' lang='lat' dir='ltr'><strong>te</strong></span> <span class='ocrx_word' id='word_1_197' title='bbox 2203 1789 2444 1854; x_wconf 80' lang='lat' dir='ltr'><strong>appellare</strong></span> <span class='ocrx_word' id='word_1_198' title='bbox 2477 1790 2738 1838; x_wconf 81' lang='lat' dir='ltr'><strong>debemus?</strong></span> 
     </span>
     <span class='ocr_line' id='line_1_18' title="bbox 541 1870 2739 1939; baseline -0.002 -16"><span class='ocrx_word' id='word_1_199' title='bbox 541 1874 679 1923; x_wconf 77' lang='lat' dir='ltr'><strong>Gon.</strong></span> <span class='ocrx_word' id='word_1_200' title='bbox 715 1873 779 1921; x_wconf 85' lang='lat' dir='ltr'><strong>Et</strong></span> <span class='ocrx_word' id='word_1_201' title='bbox 803 1875 978 1921; x_wconf 86' lang='lat' dir='ltr'><strong>bonum</strong></span> <span class='ocrx_word' id='word_1_202' title='bbox 1007 1874 1220 1939; x_wconf 85' lang='lat' dir='ltr'><strong>quidem,</strong></span> <span class='ocrx_word' id='word_1_203' title='bbox 1253 1872 1291 1919; x_wconf 88' lang='lat' dir='ltr'><strong>si</strong></span> <span class='ocrx_word' id='word_1_204' title='bbox 1317 1889 1409 1935; x_wconf 87' lang='lat' dir='ltr'><strong>me,</strong></span> <span class='ocrx_word' id='word_1_205' title='bbox 1440 1873 1571 1936; x_wconf 87' lang='lat' dir='ltr'><strong>quod</strong></span> <span class='ocrx_word' id='word_1_206' title='bbox 1616 1870 1837 1933; x_wconf 83' lang='lat' dir='ltr'><strong>profiteor</strong></span> <span class='ocrx_word' id='word_1_207' title='bbox 1870 1887 1993 1927; x_wconf 83' lang='lat' dir='ltr'><strong>esse,</strong></span> <span class='ocrx_word' id='word_1_208' title='bbox 2023 1878 2074 1918; x_wconf 90' lang='lat' dir='ltr'><strong>ut</strong></span> <span class='ocrx_word' id='word_1_209' title='bbox 2109 1871 2175 1918; x_wconf 80' lang='lat' dir='ltr'><strong>ait</strong></span> <span class='ocrx_word' id='word_1_210' title='bbox 2214 1870 2466 1935; x_wconf 83' lang='lat' dir='ltr'><strong>Homerus,</strong></span> <span class='ocrx_word' id='word_1_211' title='bbox 2496 1872 2739 1919; x_wconf 85' lang='lat' dir='ltr'><strong>nominare</strong></span> 
     </span>
     <span class='ocr_line' id='line_1_19' title="bbox 537 1950 2737 2019; baseline -0 -18"><span class='ocrx_word' id='word_1_212' title='bbox 537 1954 671 2004; x_wconf 74' lang='lat' dir='ltr'><strong>velis.</strong></span> <span class='ocrx_word' id='word_1_213' title='bbox 735 1956 821 2004; x_wconf 87' lang='grc'><strong>80.</strong></span> <span class='ocrx_word' id='word_1_214' title='bbox 858 1954 982 2003; x_wconf 85' lang='lat' dir='ltr'><strong>Volo</strong></span> <span class='ocrx_word' id='word_1_215' title='bbox 1006 1953 1246 2019; x_wconf 81' lang='lat' dir='ltr'><strong>equidem.</strong></span> <span class='ocrx_word' id='word_1_216' title='bbox 1312 1954 1454 2002; x_wconf 74' lang='lat' dir='ltr'><strong>Gon.</strong></span> <span class='ocrx_word' id='word_1_217' title='bbox 1489 1952 1699 1999; x_wconf 86' lang='lat' dir='ltr'><strong>Nomina</strong></span> <span class='ocrx_word' id='word_1_218' title='bbox 1733 1966 1865 2016; x_wconf 88' lang='lat' dir='ltr'><strong>ergo.</strong></span> <span class='ocrx_word' id='word_1_219' title='bbox 1932 1952 2018 2000; x_wconf 92' lang='grc'><strong>80.</strong></span> <span class='ocrx_word' id='word_1_220' title='bbox 2051 1950 2133 1998; x_wconf 82' lang='lat' dir='ltr'><strong>An</strong></span> <span class='ocrx_word' id='word_1_221' title='bbox 2174 1952 2387 2000; x_wconf 82' lang='lat' dir='ltr'><strong>dicemus</strong></span> <span class='ocrx_word' id='word_1_222' title='bbox 2405 1952 2527 2001; x_wconf 85' lang='lat' dir='ltr'><strong>alios</strong></span> <span class='ocrx_word' id='word_1_223' title='bbox 2547 1967 2737 2016; x_wconf 82' lang='lat' dir='ltr'><strong>quoque</strong></span> 
     </span>
     <span class='ocr_line' id='line_1_20' title="bbox 538 2031 2736 2098; baseline -0.002 -15"><span class='ocrx_word' id='word_1_224' title='bbox 538 2043 586 2084; x_wconf 85' lang='lat' dir='ltr'><strong>te</strong></span> <span class='ocrx_word' id='word_1_225' title='bbox 623 2035 777 2085; x_wconf 75' lang='lat' dir='ltr'><strong>faeere</strong></span> <span class='ocrx_word' id='word_1_226' title='bbox 816 2035 986 2098; x_wconf 82' lang='lat' dir='ltr'><strong>posse?</strong></span> <span class='ocrx_word' id='word_1_227' title='bbox 1057 2034 1195 2082; x_wconf 78' lang='lat' dir='ltr'><strong>Gon.</strong></span> <span class='ocrx_word' id='word_1_228' title='bbox 1232 2032 1351 2080; x_wconf 67' lang='lat' dir='ltr'><strong>Haec</strong></span> <span class='ocrx_word' id='word_1_229' title='bbox 1390 2032 1614 2097; x_wconf 84' lang='lat' dir='ltr'><strong>equidem</strong></span> <span class='ocrx_word' id='word_1_230' title='bbox 1648 2046 1746 2079; x_wconf 89' lang='lat' dir='ltr'><strong>non</strong></span> <span class='ocrx_word' id='word_1_231' title='bbox 1786 2031 1915 2094; x_wconf 84' lang='lat' dir='ltr'><strong>apud</strong></span> <span class='ocrx_word' id='word_1_232' title='bbox 1942 2047 2024 2078; x_wconf 77' lang='lat' dir='ltr'><strong>ros</strong></span> <span class='ocrx_word' id='word_1_233' title='bbox 2058 2031 2230 2088; x_wconf 84' lang='lat' dir='ltr'><strong>solum,</strong></span> <span class='ocrx_word' id='word_1_234' title='bbox 2253 2047 2411 2081; x_wconf 87' lang='lat' dir='ltr'><strong>verum</strong></span> <span class='ocrx_word' id='word_1_235' title='bbox 2441 2032 2585 2083; x_wconf 84' lang='lat' dir='ltr'><strong>etiam</strong></span> <span class='ocrx_word' id='word_1_236' title='bbox 2608 2033 2736 2096; x_wconf 84' lang='lat' dir='ltr'><strong>apud</strong></span> 
     </span>
     <span class='ocr_line' id='line_1_21' title="bbox 482 2109 2734 2176; baseline -0.002 -15"><span class='ocrx_word' id='word_1_237' title='bbox 482 2109 496 2118; x_wconf 77' lang='grc'><strong><em>’</em></strong></span> <span class='ocrx_word' id='word_1_238' title='bbox 536 2132 623 2164; x_wconf 77' lang='lat' dir='ltr'><strong>vos</strong></span> <span class='ocrx_word' id='word_1_239' title='bbox 645 2115 814 2173; x_wconf 90' lang='lat' dir='ltr'><strong>solum,</strong></span> <span class='ocrx_word' id='word_1_240' title='bbox 842 2130 1000 2164; x_wconf 72' lang='lat' dir='ltr'><strong>verum</strong></span> <span class='ocrx_word' id='word_1_241' title='bbox 1037 2113 1179 2163; x_wconf 83' lang='lat' dir='ltr'><strong>etiam</strong></span> <span class='ocrx_word' id='word_1_242' title='bbox 1213 2113 1342 2176; x_wconf 87' lang='lat' dir='ltr'><strong>apud</strong></span> <span class='ocrx_word' id='word_1_243' title='bbox 1366 2127 1530 2160; x_wconf 85' lang='lat' dir='ltr'><strong>ornnes</strong></span> <span class='ocrx_word' id='word_1_244' title='bbox 1551 2110 1794 2175; x_wconf 84' lang='lat' dir='ltr'><strong>profiteor.</strong></span> <span class='ocrx_word' id='word_1_245' title='bbox 1861 2111 1949 2159; x_wconf 93' lang='grc'><strong>80.</strong></span> <span class='ocrx_word' id='word_1_246' title='bbox 1983 2110 2078 2159; x_wconf 82' lang='lat' dir='ltr'><strong>Sed</strong></span> <span class='ocrx_word' id='word_1_247' title='bbox 2110 2112 2326 2175; x_wconf 89' lang='lat' dir='ltr'><strong>nunquid</strong></span> <span class='ocrx_word' id='word_1_248' title='bbox 2352 2110 2518 2170; x_wconf 79' lang='lat' dir='ltr'><strong>velles,</strong></span> <span class='ocrx_word' id='word_1_249' title='bbox 2540 2111 2734 2174; x_wconf 73' lang='lat' dir='ltr'><strong>Gorgia,</strong></span> 
     </span>
     <span class='ocr_line' id='line_1_22' title="bbox 538 2191 2735 2261; baseline -0.004 -16"><span class='ocrx_word' id='word_1_250' title='bbox 538 2198 937 2261; x_wconf 70' lang='lat' dir='ltr'><strong>quemadmodum</strong></span> <span class='ocrx_word' id='word_1_251' title='bbox 974 2195 1239 2259; x_wconf 74' lang='lat' dir='ltr'><strong>incepimus</strong></span> <span class='ocrx_word' id='word_1_252' title='bbox 1261 2192 1633 2257; x_wconf 75' lang='lat' dir='ltr'><strong>disputationem</strong></span> <span class='ocrx_word' id='word_1_253' title='bbox 1675 2207 1915 2257; x_wconf 84' lang='lat' dir='ltr'><strong>peragere,</strong></span> <span class='ocrx_word' id='word_1_254' title='bbox 1951 2192 2118 2255; x_wconf 84' lang='lat' dir='ltr'><strong>partim</strong></span> <span class='ocrx_word' id='word_1_255' title='bbox 2155 2191 2347 2257; x_wconf 88' lang='lat' dir='ltr'><strong>quidem</strong></span> <span class='ocrx_word' id='word_1_256' title='bbox 2385 2192 2735 2253; x_wconf 73' lang='lat' dir='ltr'><strong>interrogando,</strong></span> 
     </span>
     <span class='ocr_line' id='line_1_23' title="bbox 541 2273 2736 2341; baseline -0.003 -15"><span class='ocrx_word' id='word_1_257' title='bbox 541 2278 707 2341; x_wconf 84' lang='lat' dir='ltr'><strong>partim</strong></span> <span class='ocrx_word' id='word_1_258' title='bbox 729 2278 870 2328; x_wconf 87' lang='lat' dir='ltr'><strong>etiam</strong></span> <span class='ocrx_word' id='word_1_259' title='bbox 889 2276 1237 2341; x_wconf 81' lang='lat' dir='ltr'><strong>respondendo.</strong></span> <span class='ocrx_word' id='word_1_260' title='bbox 1271 2273 1587 2339; x_wconf 65' lang='lat' dir='ltr'><strong>prolixitatem</strong></span> <span class='ocrx_word' id='word_1_261' title='bbox 1610 2274 1739 2322; x_wconf 88' lang='lat' dir='ltr'><strong>illam</strong></span> <span class='ocrx_word' id='word_1_262' title='bbox 1763 2274 2027 2334; x_wconf 86' lang='lat' dir='ltr'><strong>verborum,</strong></span> <span class='ocrx_word' id='word_1_263' title='bbox 2063 2289 2155 2338; x_wconf 85' lang='lat' dir='ltr'><strong>qua</strong></span> <span class='ocrx_word' id='word_1_264' title='bbox 2183 2275 2252 2322; x_wconf 86' lang='lat' dir='ltr'><strong>uti</strong></span> <span class='ocrx_word' id='word_1_265' title='bbox 2274 2281 2480 2338; x_wconf 84' lang='lat' dir='ltr'><strong>coeperst</strong></span> <span class='ocrx_word' id='word_1_266' title='bbox 2501 2273 2667 2329; x_wconf 86' lang='lat' dir='ltr'><strong>Polus,</strong></span> <span class='ocrx_word' id='word_1_267' title='bbox 2688 2273 2736 2320; x_wconf 91' lang='lat' dir='ltr'><strong>in</strong></span> 
     </span>
     <span class='ocr_line' id='line_1_24' title="bbox 539 2353 2734 2424; baseline -0.004 -17"><span class='ocrx_word' id='word_1_268' title='bbox 539 2359 669 2407; x_wconf 87' lang='lat' dir='ltr'><strong>aliud</strong></span> <span class='ocrx_word' id='word_1_269' title='bbox 691 2368 876 2424; x_wconf 80' lang='lat' dir='ltr'><strong>tempus</strong></span> <span class='ocrx_word' id='word_1_270' title='bbox 900 2358 1169 2408; x_wconf 79' lang='lat' dir='ltr'><strong>reservans?</strong></span> <span class='ocrx_word' id='word_1_271' title='bbox 1241 2357 1417 2405; x_wconf 87' lang='lat' dir='ltr'><strong>Verum</strong></span> <span class='ocrx_word' id='word_1_272' title='bbox 1440 2357 1572 2421; x_wconf 89' lang='lat' dir='ltr'><strong>quod</strong></span> <span class='ocrx_word' id='word_1_273' title='bbox 1603 2356 1721 2404; x_wconf 84' lang='lat' dir='ltr'><strong>mihi</strong></span> <span class='ocrx_word' id='word_1_274' title='bbox 1744 2356 2008 2421; x_wconf 72' lang='lat' dir='ltr'><strong>promiseris</strong></span> <span class='ocrx_word' id='word_1_275' title='bbox 2031 2356 2277 2405; x_wconf 88' lang='lat' dir='ltr'><strong>observato</strong></span> <span class='ocrx_word' id='word_1_276' title='bbox 2299 2371 2312 2404; x_wconf 72' lang='grc' dir='ltr'>ι</span> <span class='ocrx_word' id='word_1_277' title='bbox 2350 2354 2560 2418; x_wconf 76' lang='lat' dir='ltr'><strong>velisque</strong></span> <span class='ocrx_word' id='word_1_278' title='bbox 2583 2354 2641 2401; x_wconf 80' lang='lat' dir='ltr'><strong>ad</strong></span> <span class='ocrx_word' id='word_1_279' title='bbox 2665 2353 2734 2401; x_wconf 88' lang='lat' dir='ltr'><strong>in·</strong></span> 
     </span>
     <span class='ocr_line' id='line_1_25' title="bbox 540 2436 2736 2506; baseline -0.004 -16"><span class='ocrx_word' id='word_1_280' title='bbox 540 2448 773 2506; x_wconf 75' lang='lat' dir='ltr'><strong>terrogata</strong></span> <span class='ocrx_word' id='word_1_281' title='bbox 806 2456 948 2506; x_wconf 78' lang='lat' dir='ltr'><strong>quam</strong></span> <span class='ocrx_word' id='word_1_282' title='bbox 983 2439 1251 2490; x_wconf 84' lang='lat' dir='ltr'><strong>brevissime</strong></span> <span class='ocrx_word' id='word_1_283' title='bbox 1287 2438 1592 2502; x_wconf 78' lang='lat' dir='ltr'><strong>respondere·</strong></span> <span class='ocrx_word' id='word_1_284' title='bbox 1657 2436 1797 2488; x_wconf 73' lang='lat' dir='ltr'><strong>Goa-</strong></span> <span class='ocrx_word' id='word_1_285' title='bbox 1827 2438 1952 2487; x_wconf 88' lang='lat' dir='ltr'><strong>Sunt</strong></span> <span class='ocrx_word' id='word_1_286' title='bbox 1988 2437 2201 2503; x_wconf 83' lang='lat' dir='ltr'><strong>quidem,</strong></span> <span class='ocrx_word' id='word_1_287' title='bbox 2238 2454 2266 2484; x_wconf 95' lang='lat' dir='ltr'><strong>o</strong></span> <span class='ocrx_word' id='word_1_288' title='bbox 2289 2437 2523 2494; x_wconf 77' lang='lat' dir='ltr'><strong>Socrates,</strong></span> <span class='ocrx_word' id='word_1_289' title='bbox 2546 2451 2736 2500; x_wconf 75' lang='lat' dir='ltr'><strong>respon-</strong></span> 
     </span>
     <span class='ocr_line' id='line_1_26' title="bbox 539 2519 2734 2585; baseline -0.003 -16"><span class='ocrx_word' id='word_1_290' title='bbox 539 2523 696 2569; x_wconf 84' lang='lat' dir='ltr'><strong>siones</strong></span> <span class='ocrx_word' id='word_1_291' title='bbox 727 2524 962 2585; x_wconf 66' lang='lat' dir='ltr'><strong>quasdam,</strong></span> <span class='ocrx_word' id='word_1_292' title='bbox 996 2536 1114 2585; x_wconf 86' lang='lat' dir='ltr'><strong>quas</strong></span> <span class='ocrx_word' id='word_1_293' title='bbox 1151 2519 1442 2584; x_wconf 77' lang='lat' dir='ltr'><strong>longioribus</strong></span> <span class='ocrx_word' id='word_1_294' title='bbox 1466 2520 1618 2569; x_wconf 79' lang='lat' dir='ltr'><strong>verbis</strong></span> <span class='ocrx_word' id='word_1_295' title='bbox 1655 2535 1847 2568; x_wconf 85' lang='lat' dir='ltr'><strong>necesse</strong></span> <span class='ocrx_word' id='word_1_296' title='bbox 1880 2529 1952 2568; x_wconf 85' lang='lat' dir='ltr'><strong>est</strong></span> <span class='ocrx_word' id='word_1_297' title='bbox 1989 2519 2122 2568; x_wconf 81' lang='lat' dir='ltr'><strong>fieri:</strong></span> <span class='ocrx_word' id='word_1_298' title='bbox 2157 2519 2366 2567; x_wconf 82' lang='lat' dir='ltr'><strong>conabor</strong></span> <span class='ocrx_word' id='word_1_299' title='bbox 2402 2528 2560 2565; x_wconf 82' lang='lat' dir='ltr'><strong>tamen</strong></span> <span class='ocrx_word' id='word_1_300' title='bbox 2600 2532 2734 2580; x_wconf 90' lang='lat' dir='ltr'><strong>quam</strong></span> 
     </span>
     <span class='ocr_line' id='line_1_27' title="bbox 542 2595 2738 2663; baseline -0.003 -15"><span class='ocrx_word' id='word_1_301' title='bbox 542 2601 810 2649; x_wconf 82' lang='lat' dir='ltr'><strong>brevissime</strong></span> <span class='ocrx_word' id='word_1_302' title='bbox 834 2600 1135 2663; x_wconf 76' lang='lat' dir='ltr'><strong>respondere.</strong></span> <span class='ocrx_word' id='word_1_303' title='bbox 1167 2613 1338 2662; x_wconf 82' lang='lat' dir='ltr'><strong>nempe</strong></span> <span class='ocrx_word' id='word_1_304' title='bbox 1362 2598 1451 2645; x_wconf 84' lang='lat' dir='ltr'><strong>hoc</strong></span> <span class='ocrx_word' id='word_1_305' title='bbox 1475 2599 1630 2661; x_wconf 89' lang='lat' dir='ltr'><strong>ipsum</strong></span> <span class='ocrx_word' id='word_1_306' title='bbox 1649 2614 1792 2646; x_wconf 88' lang='lat' dir='ltr'><strong>unum</strong></span> <span class='ocrx_word' id='word_1_307' title='bbox 1816 2608 1889 2646; x_wconf 84' lang='lat' dir='ltr'><strong>est</strong></span> <span class='ocrx_word' id='word_1_308' title='bbox 1908 2615 1965 2646; x_wconf 79' lang='lat' dir='ltr'><strong>ex</strong></span> <span class='ocrx_word' id='word_1_309' title='bbox 2002 2598 2073 2646; x_wconf 82' lang='lat' dir='ltr'><strong>his</strong></span> <span class='ocrx_word' id='word_1_310' title='bbox 2094 2614 2201 2662; x_wconf 72' lang='lat' dir='ltr'><strong>qum</strong></span> <span class='ocrx_word' id='word_1_311' title='bbox 2227 2597 2462 2661; x_wconf 82' lang='lat' dir='ltr'><strong>profiteor,</strong></span> <span class='ocrx_word' id='word_1_312' title='bbox 2486 2595 2666 2645; x_wconf 86' lang='lat' dir='ltr'><strong>nullum</strong></span> <span class='ocrx_word' id='word_1_313' title='bbox 2688 2596 2738 2643; x_wconf 86' lang='lat' dir='ltr'><strong>iu</strong></span> 
     </span>
     <span class='ocr_line' id='line_1_28' title="bbox 541 2677 2743 2743; baseline -0.002 -15"><span class='ocrx_word' id='word_1_314' title='bbox 541 2679 827 2728; x_wconf 75' lang='lat' dir='ltr'><strong>brevioribus</strong></span> <span class='ocrx_word' id='word_1_315' title='bbox 862 2677 1012 2726; x_wconf 76' lang='lat' dir='ltr'><strong>verbis</strong></span> <span class='ocrx_word' id='word_1_316' title='bbox 1048 2694 1190 2743; x_wconf 81' lang='lat' dir='ltr'><strong>quam</strong></span> <span class='ocrx_word' id='word_1_317' title='bbox 1225 2693 1300 2725; x_wconf 88' lang='lat' dir='ltr'><strong>me</strong></span> <span class='ocrx_word' id='word_1_318' title='bbox 1337 2678 1506 2725; x_wconf 87' lang='lat' dir='ltr'><strong>eadem</strong></span> <span class='ocrx_word' id='word_1_319' title='bbox 1528 2677 1782 2741; x_wconf 80' lang='lat' dir='ltr'><strong>explicare.</strong></span> <span class='ocrx_word' id='word_1_320' title='bbox 1850 2678 1936 2726; x_wconf 88' lang='lat' dir='ltr'><strong>So.</strong></span> <span class='ocrx_word' id='word_1_321' title='bbox 1972 2678 2078 2726; x_wconf 82' lang='lat' dir='ltr'><strong>Hac</strong></span> <span class='ocrx_word' id='word_1_322' title='bbox 2109 2678 2240 2736; x_wconf 88' lang='lat' dir='ltr'><strong>mihi,</strong></span> <span class='ocrx_word' id='word_1_323' title='bbox 2278 2677 2477 2742; x_wconf 80' lang='lat' dir='ltr'><strong>Gorgia,</strong></span> <span class='ocrx_word' id='word_1_324' title='bbox 2516 2694 2639 2740; x_wconf 87' lang='lat' dir='ltr'><strong>opus</strong></span> <span class='ocrx_word' id='word_1_325' title='bbox 2674 2684 2743 2725; x_wconf 79' lang='lat' dir='ltr'><strong>cst</strong></span> 
     </span>
     <span class='ocr_line' id='line_1_29' title="bbox 537 2757 2740 2822; baseline 0 -14"><span class='ocrx_word' id='word_1_326' title='bbox 537 2759 799 2819; x_wconf 72' lang='lat' dir='ltr'><strong>brevitate3</strong></span> <span class='ocrx_word' id='word_1_327' title='bbox 831 2769 882 2807; x_wconf 88' lang='lat' dir='ltr'><strong>et</strong></span> <span class='ocrx_word' id='word_1_328' title='bbox 903 2761 1024 2810; x_wconf 85' lang='lat' dir='ltr'><strong>hanc</strong></span> <span class='ocrx_word' id='word_1_329' title='bbox 1047 2757 1164 2806; x_wconf 79' lang='lat' dir='ltr'><strong>milti</strong></span> <span class='ocrx_word' id='word_1_330' title='bbox 1186 2758 1479 2806; x_wconf 80' lang='lat' dir='ltr'><strong>demonstres</strong></span> <span class='ocrx_word' id='word_1_331' title='bbox 1503 2773 1620 2806; x_wconf 85' lang='lat' dir='ltr'><strong>oro:</strong></span> <span class='ocrx_word' id='word_1_332' title='bbox 1655 2757 1845 2822; x_wconf 86' lang='lat' dir='ltr'><strong>copiam</strong></span> <span class='ocrx_word' id='word_1_333' title='bbox 1882 2773 1991 2805; x_wconf 82' lang='lat' dir='ltr'><strong>vero</strong></span> <span class='ocrx_word' id='word_1_334' title='bbox 2030 2757 2076 2805; x_wconf 91' lang='lat' dir='ltr'><strong>in</strong></span> <span class='ocrx_word' id='word_1_335' title='bbox 2116 2767 2302 2822; x_wconf 84' lang='lat' dir='ltr'><strong>tempus</strong></span> <span class='ocrx_word' id='word_1_336' title='bbox 2337 2759 2466 2807; x_wconf 82' lang='lat' dir='ltr'><strong>aliud</strong></span> <span class='ocrx_word' id='word_1_337' title='bbox 2494 2767 2740 2808; x_wconf 78' lang='lat' dir='ltr'><strong>reservato.</strong></span> 
     </span>
     <span class='ocr_line' id='line_1_30' title="bbox 540 2835 2745 2903; baseline -0 -16"><span class='ocrx_word' id='word_1_338' title='bbox 540 2838 680 2888; x_wconf 75' lang='lat' dir='ltr'><strong>Gon.</strong></span> <span class='ocrx_word' id='word_1_339' title='bbox 713 2838 901 2889; x_wconf 82' lang='lat' dir='ltr'><strong>Faciam</strong></span> <span class='ocrx_word' id='word_1_340' title='bbox 923 2837 1166 2903; x_wconf 84' lang='lat' dir='ltr'><strong>equidem,</strong></span> <span class='ocrx_word' id='word_1_341' title='bbox 1190 2845 1244 2886; x_wconf 91' lang='lat' dir='ltr'><strong>ut</strong></span> <span class='ocrx_word' id='word_1_342' title='bbox 1263 2835 1503 2885; x_wconf 86' lang='lat' dir='ltr'><strong>neminem</strong></span> <span class='ocrx_word' id='word_1_343' title='bbox 1524 2836 1656 2885; x_wconf 84' lang='lat' dir='ltr'><strong>dicas</strong></span> <span class='ocrx_word' id='word_1_344' title='bbox 1675 2850 1883 2900; x_wconf 85' lang='lat' dir='ltr'><strong>unquam</strong></span> <span class='ocrx_word' id='word_1_345' title='bbox 1905 2843 1951 2884; x_wconf 86' lang='lat' dir='ltr'><strong>te</strong></span> <span class='ocrx_word' id='word_1_346' title='bbox 1973 2835 2210 2885; x_wconf 78' lang='lat' dir='ltr'><strong>audivisse</strong></span> <span class='ocrx_word' id='word_1_347' title='bbox 2233 2853 2306 2884; x_wconf 90' lang='lat' dir='ltr'><strong>me</strong></span> <span class='ocrx_word' id='word_1_348' title='bbox 2329 2837 2608 2889; x_wconf 71' lang='lat' dir='ltr'><strong>breviorem.</strong></span> <span class='ocrx_word' id='word_1_349' title='bbox 2661 2839 2745 2886; x_wconf 88' lang='grc'><strong>80.</strong></span> 
     </span>
     <span class='ocr_line' id='line_1_31' title="bbox 540 2916 2736 2984; baseline -0.001 -16"><span class='ocrx_word' id='word_1_350' title='bbox 540 2920 648 2984; x_wconf 77' lang='lat' dir='ltr'><strong>Age</strong></span> <span class='ocrx_word' id='word_1_351' title='bbox 661 2919 784 2984; x_wconf 85' lang='lat' dir='ltr'><strong>jam,</strong></span> <span class='ocrx_word' id='word_1_352' title='bbox 816 2919 1057 2968; x_wconf 63' lang='lat' dir='ltr'><strong>rhetorica</strong></span> <span class='ocrx_word' id='word_1_353' title='bbox 1088 2918 1199 2967; x_wconf 82' lang='lat' dir='ltr'><strong>artis</strong></span> <span class='ocrx_word' id='word_1_354' title='bbox 1222 2927 1269 2966; x_wconf 87' lang='lat' dir='ltr'><strong>te</strong></span> <span class='ocrx_word' id='word_1_355' title='bbox 1290 2917 1462 2966; x_wconf 86' lang='lat' dir='ltr'><strong>habere</strong></span> <span class='ocrx_word' id='word_1_356' title='bbox 1481 2918 1727 2966; x_wconf 85' lang='lat' dir='ltr'><strong>scientiam</strong></span> <span class='ocrx_word' id='word_1_357' title='bbox 1749 2916 1890 2979; x_wconf 77' lang='lat' dir='ltr'><strong>dicis,</strong></span> <span class='ocrx_word' id='word_1_358' title='bbox 1913 2917 2126 2980; x_wconf 82' lang='lat' dir='ltr'><strong>aliosque</strong></span> <span class='ocrx_word' id='word_1_359' title='bbox 2161 2933 2301 2982; x_wconf 84' lang='lat' dir='ltr'><strong>posse</strong></span> <span class='ocrx_word' id='word_1_360' title='bbox 2324 2918 2531 2965; x_wconf 80' lang='lat' dir='ltr'><strong>rhetores</strong></span> <span class='ocrx_word' id='word_1_361' title='bbox 2556 2919 2736 2968; x_wconf 78' lang='lat' dir='ltr'><strong>faeere:</strong></span> 
     </span>
     <span class='ocr_line' id='line_1_32' title="bbox 540 2996 2746 3066; baseline 0 -18"><span class='ocrx_word' id='word_1_362' title='bbox 540 2999 646 3066; x_wconf 76' lang='lat' dir='ltr'><strong>ipsa</strong></span> <span class='ocrx_word' id='word_1_363' title='bbox 667 3017 777 3051; x_wconf 80' lang='lat' dir='ltr'><strong>vero</strong></span> <span class='ocrx_word' id='word_1_364' title='bbox 795 3000 1027 3051; x_wconf 75' lang='lat' dir='ltr'><strong>rhetorice</strong></span> <span class='ocrx_word' id='word_1_365' title='bbox 1046 3000 1171 3050; x_wconf 85' lang='lat' dir='ltr'><strong>circa</strong></span> <span class='ocrx_word' id='word_1_366' title='bbox 1193 2998 1373 3063; x_wconf 88' lang='lat' dir='ltr'><strong>aliquid</strong></span> <span class='ocrx_word' id='word_1_367' title='bbox 1392 3007 1619 3060; x_wconf 72' lang='lat' dir='ltr'><strong>rer-satur,</strong></span> <span class='ocrx_word' id='word_1_368' title='bbox 1638 2997 1782 3047; x_wconf 73' lang='lat' dir='ltr'><strong>veluti</strong></span> <span class='ocrx_word' id='word_1_369' title='bbox 1800 2999 1998 3046; x_wconf 77' lang='lat' dir='ltr'><strong>textoria</strong></span> <span class='ocrx_word' id='word_1_370' title='bbox 2018 2998 2142 3047; x_wconf 83' lang='lat' dir='ltr'><strong>eirea</strong></span> <span class='ocrx_word' id='word_1_371' title='bbox 2160 2997 2358 3046; x_wconf 78' lang='lat' dir='ltr'><strong>vestium</strong></span> <span class='ocrx_word' id='word_1_372' title='bbox 2373 2996 2746 3048; x_wconf 78' lang='lat' dir='ltr'><strong>confectionem.</strong></span> 
     </span>
     <span class='ocr_line' id='line_1_33' title="bbox 541 3078 2742 3141; baseline -0 -11"><span class='ocrx_word' id='word_1_373' title='bbox 541 3083 740 3133; x_wconf 86' lang='lat' dir='ltr'><strong>noune?</strong></span> <span class='ocrx_word' id='word_1_374' title='bbox 806 3082 945 3131; x_wconf 81' lang='lat' dir='ltr'><strong>Gon.</strong></span> <span class='ocrx_word' id='word_1_375' title='bbox 980 3080 1072 3133; x_wconf 79' lang='lat' dir='ltr'><strong>Ita.</strong></span> <span class='ocrx_word' id='word_1_376' title='bbox 1138 3081 1226 3131; x_wconf 94' lang='grc'><strong>80.</strong></span> <span class='ocrx_word' id='word_1_377' title='bbox 1260 3079 1437 3129; x_wconf 85' lang='lat' dir='ltr'><strong>Nonne</strong></span> <span class='ocrx_word' id='word_1_378' title='bbox 1476 3088 1527 3129; x_wconf 89' lang='lat' dir='ltr'><strong>et</strong></span> <span class='ocrx_word' id='word_1_379' title='bbox 1558 3079 1737 3130; x_wconf 77' lang='lat' dir='ltr'><strong>musice</strong></span> <span class='ocrx_word' id='word_1_380' title='bbox 1770 3080 1895 3129; x_wconf 83' lang='lat' dir='ltr'><strong>cirea</strong></span> <span class='ocrx_word' id='word_1_381' title='bbox 1918 3078 2135 3128; x_wconf 62' lang='lat' dir='ltr'><strong>melodia</strong></span> <span class='ocrx_word' id='word_1_382' title='bbox 2157 3078 2533 3141; x_wconf 76' lang='lat' dir='ltr'><strong>perfectionem?</strong></span> <span class='ocrx_word' id='word_1_383' title='bbox 2604 3079 2742 3129; x_wconf 84' lang='lat' dir='ltr'><strong>Goa.</strong></span> 
     </span>
     <span class='ocr_line' id='line_1_34' title="bbox 541 3159 2743 3225; baseline -0.003 -11"><span class='ocrx_word' id='word_1_384' title='bbox 541 3165 643 3215; x_wconf 79' lang='lat' dir='ltr'><strong>Sic.</strong></span> <span class='ocrx_word' id='word_1_385' title='bbox 707 3165 790 3215; x_wconf 84' lang='lat' dir='ltr'><strong>So.</strong></span> <span class='ocrx_word' id='word_1_386' title='bbox 828 3165 919 3212; x_wconf 90' lang='lat' dir='ltr'><strong>Per</strong></span> <span class='ocrx_word' id='word_1_387' title='bbox 940 3163 972 3214; x_wconf 88' lang='lat' dir='ltr'>J</span> <span class='ocrx_word' id='word_1_388' title='bbox 976 3178 1130 3219; x_wconf 80' lang='lat' dir='ltr'><strong>ovem,</strong></span> <span class='ocrx_word' id='word_1_389' title='bbox 1152 3179 1181 3210; x_wconf 93' lang='grc'><strong>0</strong></span> <span class='ocrx_word' id='word_1_390' title='bbox 1206 3161 1407 3224; x_wconf 85' lang='lat' dir='ltr'><strong>Gorgia,</strong></span> <span class='ocrx_word' id='word_1_391' title='bbox 1428 3159 1758 3225; x_wconf 84' lang='lat' dir='ltr'><strong>responsiones</strong></span> <span class='ocrx_word' id='word_1_392' title='bbox 1780 3161 1854 3208; x_wconf 74' lang='lat' dir='ltr'><strong>11ae</strong></span> <span class='ocrx_word' id='word_1_393' title='bbox 1877 3170 1971 3209; x_wconf 72' lang='lat' dir='ltr'><strong>tum</strong></span> <span class='ocrx_word' id='word_1_394' title='bbox 1995 3176 2068 3209; x_wconf 90' lang='lat' dir='ltr'><strong>me</strong></span> <span class='ocrx_word' id='word_1_395' title='bbox 2090 3159 2227 3210; x_wconf 78' lang='lat' dir='ltr'><strong>valde</strong></span> <span class='ocrx_word' id='word_1_396' title='bbox 2263 3159 2527 3224; x_wconf 83' lang='lat' dir='ltr'><strong>oblectant,</strong></span> <span class='ocrx_word' id='word_1_397' title='bbox 2550 3161 2743 3225; x_wconf 84' lang='lat' dir='ltr'><strong>quando</strong></span> 
     </span>
     <span class='ocr_line' id='line_1_35' title="bbox 540 3240 2746 3309; baseline -0.001 -16"><span class='ocrx_word' id='word_1_398' title='bbox 540 3260 682 3309; x_wconf 88' lang='lat' dir='ltr'><strong>quam</strong></span> <span class='ocrx_word' id='word_1_399' title='bbox 703 3244 988 3293; x_wconf 73' lang='lat' dir='ltr'><strong>brevissimis</strong></span> <span class='ocrx_word' id='word_1_400' title='bbox 1006 3241 1239 3292; x_wconf 81' lang='lat' dir='ltr'><strong>absolvas.</strong></span> <span class='ocrx_word' id='word_1_401' title='bbox 1310 3242 1447 3292; x_wconf 80' lang='lat' dir='ltr'><strong>Gon.</strong></span> <span class='ocrx_word' id='word_1_402' title='bbox 1482 3242 1654 3306; x_wconf 86' lang='lat' dir='ltr'><strong>Spero,</strong></span> <span class='ocrx_word' id='word_1_403' title='bbox 1689 3258 1719 3290; x_wconf 92' lang='grc'><strong>0</strong></span> <span class='ocrx_word' id='word_1_404' title='bbox 1752 3242 1987 3299; x_wconf 84' lang='lat' dir='ltr'><strong>Socrates,</strong></span> <span class='ocrx_word' id='word_1_405' title='bbox 2009 3257 2083 3289; x_wconf 88' lang='lat' dir='ltr'><strong>me</strong></span> <span class='ocrx_word' id='word_1_406' title='bbox 2108 3240 2193 3288; x_wconf 88' lang='lat' dir='ltr'><strong>tibi</strong></span> <span class='ocrx_word' id='word_1_407' title='bbox 2215 3242 2264 3288; x_wconf 91' lang='lat' dir='ltr'><strong>in</strong></span> <span class='ocrx_word' id='word_1_408' title='bbox 2288 3243 2378 3290; x_wconf 82' lang='lat' dir='ltr'><strong>boc</strong></span> <span class='ocrx_word' id='word_1_409' title='bbox 2402 3241 2463 3288; x_wconf 82' lang='lat' dir='ltr'><strong>sd</strong></span> <span class='ocrx_word' id='word_1_410' title='bbox 2488 3251 2648 3290; x_wconf 78' lang='lat' dir='ltr'><strong>votum</strong></span> <span class='ocrx_word' id='word_1_411' title='bbox 2670 3258 2746 3290; x_wconf 84' lang='lat' dir='ltr'><strong>sa-</strong></span> 
     </span>
     <span class='ocr_line' id='line_1_36' title="bbox 540 3320 2743 3387; baseline -0.001 -16"><span class='ocrx_word' id='word_1_412' title='bbox 540 3322 850 3372; x_wconf 76' lang='lat' dir='ltr'><strong>tissacturum.</strong></span> <span class='ocrx_word' id='word_1_413' title='bbox 918 3320 1192 3370; x_wconf 74' lang='lat' dir='ltr'><strong>800‘Recte</strong></span> <span class='ocrx_word' id='word_1_414' title='bbox 1231 3321 1318 3369; x_wconf 80' lang='lat' dir='ltr'><strong>ais.</strong></span> <span class='ocrx_word' id='word_1_415' title='bbox 1386 3321 1495 3385; x_wconf 82' lang='lat' dir='ltr'><strong>Age</strong></span> <span class='ocrx_word' id='word_1_416' title='bbox 1530 3330 1580 3370; x_wconf 87' lang='lat' dir='ltr'><strong>et</strong></span> <span class='ocrx_word' id='word_1_417' title='bbox 1617 3323 1680 3371; x_wconf 86' lang='lat' dir='ltr'><strong>de</strong></span> <span class='ocrx_word' id='word_1_418' title='bbox 1710 3322 1935 3371; x_wconf 67' lang='lat' dir='ltr'><strong>rhetorice</strong></span> <span class='ocrx_word' id='word_1_419' title='bbox 1969 3321 2178 3371; x_wconf 87' lang='lat' dir='ltr'><strong>similiter</strong></span> <span class='ocrx_word' id='word_1_420' title='bbox 2214 3321 2328 3369; x_wconf 84' lang='lat' dir='ltr'><strong>mihi</strong></span> <span class='ocrx_word' id='word_1_421' title='bbox 2350 3325 2605 3386; x_wconf 86' lang='lat' dir='ltr'><strong>responde,</strong></span> <span class='ocrx_word' id='word_1_422' title='bbox 2625 3338 2743 3387; x_wconf 87' lang='lat' dir='ltr'><strong>quo-</strong></span> 
     </span>
     <span class='ocr_line' id='line_1_37' title="bbox 542 3400 2746 3466; baseline -0 -15"><span class='ocrx_word' id='word_1_423' title='bbox 542 3418 753 3451; x_wconf 84' lang='lat' dir='ltr'><strong>rumnam</strong></span> <span class='ocrx_word' id='word_1_424' title='bbox 787 3401 987 3450; x_wconf 83' lang='lat' dir='ltr'><strong>scientia</strong></span> <span class='ocrx_word' id='word_1_425' title='bbox 1020 3400 1098 3449; x_wconf 88' lang='lat' dir='ltr'><strong>sit.</strong></span> <span class='ocrx_word' id='word_1_426' title='bbox 1167 3400 1306 3449; x_wconf 81' lang='lat' dir='ltr'><strong>Gon.</strong></span> <span class='ocrx_word' id='word_1_427' title='bbox 1341 3400 1636 3449; x_wconf 86' lang='lat' dir='ltr'><strong>Sermonum.</strong></span> <span class='ocrx_word' id='word_1_428' title='bbox 1704 3403 1792 3452; x_wconf 92' lang='grc'><strong>80.</strong></span> <span class='ocrx_word' id='word_1_429' title='bbox 1847 3402 2096 3465; x_wconf 74' lang='lat' dir='ltr'><strong>Quassum,</strong></span> <span class='ocrx_word' id='word_1_430' title='bbox 2132 3419 2163 3450; x_wconf 92' lang='grc'><strong>0</strong></span> <span class='ocrx_word' id='word_1_431' title='bbox 2207 3400 2404 3466; x_wconf 86' lang='lat' dir='ltr'><strong>Gorgia,</strong></span> <span class='ocrx_word' id='word_1_432' title='bbox 2443 3401 2746 3452; x_wconf 76' lang='lat' dir='ltr'><strong>sermonum?</strong></span> 
     </span>
     <span class='ocr_line' id='line_1_38' title="bbox 542 3480 2742 3548; baseline 0 -18"><span class='ocrx_word' id='word_1_433' title='bbox 542 3498 657 3531; x_wconf 89' lang='lat' dir='ltr'><strong>num</strong></span> <span class='ocrx_word' id='word_1_434' title='bbox 678 3497 858 3538; x_wconf 75' lang='lat' dir='ltr'><strong>eoruun,</strong></span> <span class='ocrx_word' id='word_1_435' title='bbox 879 3481 964 3545; x_wconf 88' lang='lat' dir='ltr'><strong>qui</strong></span> <span class='ocrx_word' id='word_1_436' title='bbox 1002 3480 1261 3528; x_wconf 83' lang='lat' dir='ltr'><strong>ostendunt</strong></span> <span class='ocrx_word' id='word_1_437' title='bbox 1298 3495 1393 3544; x_wconf 84' lang='lat' dir='ltr'><strong>qua</strong></span> <span class='ocrx_word' id='word_1_438' title='bbox 1427 3481 1606 3527; x_wconf 84' lang='lat' dir='ltr'><strong>ratione</strong></span> <span class='ocrx_word' id='word_1_439' title='bbox 1643 3480 1831 3529; x_wconf 80' lang='lat' dir='ltr'><strong>vivendi</strong></span> <span class='ocrx_word' id='word_1_440' title='bbox 1863 3490 2145 3545; x_wconf 74' lang='lat' dir='ltr'><strong>aegrotantes</strong></span> <span class='ocrx_word' id='word_1_441' title='bbox 2179 3484 2507 3534; x_wconf 82' lang='lat' dir='ltr'><strong>convalescere</strong></span> <span class='ocrx_word' id='word_1_442' title='bbox 2529 3483 2742 3548; x_wconf 80' lang='lat' dir='ltr'><strong>possint?</strong></span> 
     </span>
     <span class='ocr_line' id='line_1_39' title="bbox 543 3549 2741 3624; baseline -0 -12"><span class='ocrx_word' id='word_1_443' title='bbox 543 3562 681 3612; x_wconf 75' lang='lat' dir='ltr'><strong>Gon.</strong></span> <span class='ocrx_word' id='word_1_444' title='bbox 714 3560 847 3610; x_wconf 83' lang='lat' dir='ltr'><strong>Non.</strong></span> <span class='ocrx_word' id='word_1_445' title='bbox 912 3562 1000 3610; x_wconf 86' lang='lat' dir='ltr'><strong>So.</strong></span> <span class='ocrx_word' id='word_1_446' title='bbox 1032 3560 1144 3608; x_wconf 86' lang='lat' dir='ltr'><strong>Non</strong></span> <span class='ocrx_word' id='word_1_447' title='bbox 1184 3559 1327 3624; x_wconf 87' lang='lat' dir='ltr'><strong>igitur</strong></span> <span class='ocrx_word' id='word_1_448' title='bbox 1366 3560 1491 3608; x_wconf 86' lang='lat' dir='ltr'><strong>circa</strong></span> <span class='ocrx_word' id='word_1_449' title='bbox 1544 3574 1781 3610; x_wconf 82' lang='lat' dir='ltr'><strong>sermones</strong></span> <span class='ocrx_word' id='word_1_450' title='bbox 1833 3549 1997 3610; x_wconf 76' lang='lat' dir='ltr'><strong>omnes</strong></span> <span class='ocrx_word' id='word_1_451' title='bbox 2042 3574 2248 3612; x_wconf 69' lang='lat' dir='ltr'><strong>versatur</strong></span> <span class='ocrx_word' id='word_1_452' title='bbox 2286 3564 2534 3613; x_wconf 80' lang='lat' dir='ltr'><strong>rhetorica.</strong></span> <span class='ocrx_word' id='word_1_453' title='bbox 2603 3564 2741 3613; x_wconf 75' lang='lat' dir='ltr'><strong>Gon.</strong></span> 
     </span>
     <span class='ocr_line' id='line_1_40' title="bbox 542 3640 2741 3709; baseline 0 -18"><span class='ocrx_word' id='word_1_454' title='bbox 542 3642 879 3709; x_wconf 83' lang='lat' dir='ltr'><strong>Nequaquam.</strong></span> <span class='ocrx_word' id='word_1_455' title='bbox 946 3641 1031 3690; x_wconf 89' lang='lat' dir='ltr'><strong>So.</strong></span> <span class='ocrx_word' id='word_1_456' title='bbox 1070 3641 1389 3689; x_wconf 74' lang='lat' dir='ltr'><strong>Veruntamen</strong></span> <span class='ocrx_word' id='word_1_457' title='bbox 1428 3640 1555 3689; x_wconf 82' lang='lat' dir='ltr'><strong>circs</strong></span> <span class='ocrx_word' id='word_1_458' title='bbox 1586 3657 1669 3689; x_wconf 88' lang='lat' dir='ltr'><strong>eos</strong></span> <span class='ocrx_word' id='word_1_459' title='bbox 1707 3655 1943 3690; x_wconf 80' lang='lat' dir='ltr'><strong>sermones</strong></span> <span class='ocrx_word' id='word_1_460' title='bbox 1975 3643 2057 3707; x_wconf 89' lang='lat' dir='ltr'><strong>qui</strong></span> <span class='ocrx_word' id='word_1_461' title='bbox 2090 3644 2285 3693; x_wconf 86' lang='lat' dir='ltr'><strong>dicendi</strong></span> <span class='ocrx_word' id='word_1_462' title='bbox 2316 3643 2590 3692; x_wconf 69' lang='lat' dir='ltr'><strong>facultatem</strong></span> <span class='ocrx_word' id='word_1_463' title='bbox 2627 3660 2741 3709; x_wconf 77' lang='lat' dir='ltr'><strong>prae·</strong></span> 
     </span>
     <span class='ocr_line' id='line_1_41' title="bbox 541 3720 2741 3795; baseline 0 -23"><span class='ocrx_word' id='word_1_464' title='bbox 541 3729 683 3773; x_wconf 85' lang='lat' dir='ltr'><strong>stant.</strong></span> <span class='ocrx_word' id='word_1_465' title='bbox 750 3720 889 3772; x_wconf 80' lang='lat' dir='ltr'><strong>Gon.</strong></span> <span class='ocrx_word' id='word_1_466' title='bbox 924 3721 1094 3771; x_wconf 89' lang='lat' dir='ltr'><strong>Procul</strong></span> <span class='ocrx_word' id='word_1_467' title='bbox 1112 3721 1301 3795; x_wconf 16' lang='lat' dir='ltr'><strong>dubio.-</strong></span> <span class='ocrx_word' id='word_1_468' title='bbox 1343 3721 1428 3770; x_wconf 88' lang='lat' dir='ltr'><strong>So.</strong></span> <span class='ocrx_word' id='word_1_469' title='bbox 1462 3720 1696 3787; x_wconf 86' lang='lat' dir='ltr'><strong>Nunquid</strong></span> <span class='ocrx_word' id='word_1_470' title='bbox 1718 3722 1951 3771; x_wconf 88' lang='lat' dir='ltr'><strong>rhetorica</strong></span> <span class='ocrx_word' id='word_1_471' title='bbox 1973 3725 2019 3771; x_wconf 93' lang='lat' dir='ltr'><strong>in</strong></span> <span class='ocrx_word' id='word_1_472' title='bbox 2042 3723 2214 3788; x_wconf 87' lang='lat' dir='ltr'><strong>quibus</strong></span> <span class='ocrx_word' id='word_1_473' title='bbox 2247 3724 2459 3781; x_wconf 88' lang='lat' dir='ltr'><strong>dicendi,</strong></span> <span class='ocrx_word' id='word_1_474' title='bbox 2482 3724 2530 3771; x_wconf 91' lang='lat' dir='ltr'><strong>in</strong></span> <span class='ocrx_word' id='word_1_475' title='bbox 2564 3724 2741 3772; x_wconf 86' lang='lat' dir='ltr'><strong>eisdem</strong></span> 
     </span>
     <span class='ocr_line' id='line_1_42' title="bbox 539 3801 2737 3870; baseline 0 -18"><span class='ocrx_word' id='word_1_476' title='bbox 539 3812 588 3852; x_wconf 89' lang='lat' dir='ltr'><strong>et</strong></span> <span class='ocrx_word' id='word_1_477' title='bbox 611 3801 906 3868; x_wconf 89' lang='lat' dir='ltr'><strong>intelligendi</strong></span> <span class='ocrx_word' id='word_1_478' title='bbox 929 3803 1023 3851; x_wconf 85' lang='lat' dir='ltr'><strong>vim</strong></span> <span class='ocrx_word' id='word_1_479' title='bbox 1046 3802 1259 3867; x_wconf 69' lang='lat' dir='ltr'><strong>probet?</strong></span> <span class='ocrx_word' id='word_1_480' title='bbox 1324 3801 1468 3852; x_wconf 80' lang='lat' dir='ltr'><strong>Gon..</strong></span> <span class='ocrx_word' id='word_1_481' title='bbox 1504 3802 1727 3860; x_wconf 83' lang='lat' dir='ltr'><strong>Quidni?</strong></span> <span class='ocrx_word' id='word_1_482' title='bbox 1795 3804 1881 3852; x_wconf 89' lang='lat' dir='ltr'><strong>So.</strong></span> <span class='ocrx_word' id='word_1_483' title='bbox 1916 3802 2091 3853; x_wconf 88' lang='lat' dir='ltr'><strong>Nonne</strong></span> <span class='ocrx_word' id='word_1_484' title='bbox 2115 3804 2369 3864; x_wconf 84' lang='lat' dir='ltr'><strong>medicina,</strong></span> <span class='ocrx_word' id='word_1_485' title='bbox 2393 3806 2455 3853; x_wconf 89' lang='lat' dir='ltr'><strong>de</strong></span> <span class='ocrx_word' id='word_1_486' title='bbox 2477 3820 2576 3870; x_wconf 85' lang='lat' dir='ltr'><strong>qua</strong></span> <span class='ocrx_word' id='word_1_487' title='bbox 2598 3806 2737 3853; x_wconf 90' lang='lat' dir='ltr'><strong>modu</strong></span> 
     </span>
     <span class='ocr_line' id='line_1_43' title="bbox 540 3881 2741 3950; baseline 0.001 -18"><span class='ocrx_word' id='word_1_488' title='bbox 540 3884 831 3940; x_wconf 80' lang='lat' dir='ltr'><strong>dicebamus,</strong></span> <span class='ocrx_word' id='word_1_489' title='bbox 867 3881 1015 3950; x_wconf 71' lang='lat'><strong>[450]</strong></span> <span class='ocrx_word' id='word_1_490' title='bbox 1050 3883 1196 3933; x_wconf 84' lang='lat' dir='ltr'><strong>efficit</strong></span> <span class='ocrx_word' id='word_1_491' title='bbox 1216 3888 1271 3931; x_wconf 90' lang='lat' dir='ltr'><strong>ut</strong></span> <span class='ocrx_word' id='word_1_492' title='bbox 1290 3883 1353 3932; x_wconf 85' lang='lat' dir='ltr'><strong>de</strong></span> <span class='ocrx_word' id='word_1_493' title='bbox 1376 3883 1704 3947; x_wconf 68' lang='lat' dir='ltr'><strong>aegrotantium</strong></span> <span class='ocrx_word' id='word_1_494' title='bbox 1728 3885 1971 3933; x_wconf 87' lang='lat' dir='ltr'><strong>curatione</strong></span> <span class='ocrx_word' id='word_1_495' title='bbox 1993 3893 2045 3933; x_wconf 93' lang='lat' dir='ltr'><strong>et</strong></span> <span class='ocrx_word' id='word_1_496' title='bbox 2065 3885 2345 3949; x_wconf 86' lang='lat' dir='ltr'><strong>intelligere,</strong></span> <span class='ocrx_word' id='word_1_497' title='bbox 2368 3893 2419 3933; x_wconf 85' lang='lat' dir='ltr'><strong>et</strong></span> <span class='ocrx_word' id='word_1_498' title='bbox 2440 3885 2571 3949; x_wconf 88' lang='lat' dir='ltr'><strong>loqui</strong></span> <span class='ocrx_word' id='word_1_499' title='bbox 2594 3884 2741 3950; x_wconf 83' lang='lat' dir='ltr'><strong>possi·</strong></span> 
     </span>
     <span class='ocr_line' id='line_1_44' title="bbox 540 3962 2740 4030; baseline 0 -17"><span class='ocrx_word' id='word_1_500' title='bbox 540 3964 677 4013; x_wconf 82' lang='lat' dir='ltr'><strong>mus?</strong></span> <span class='ocrx_word' id='word_1_501' title='bbox 744 3962 881 4015; x_wconf 83' lang='lat' dir='ltr'><strong>Gon.</strong></span> <span class='ocrx_word' id='word_1_502' title='bbox 915 3963 1122 4014; x_wconf 86' lang='lat' dir='ltr'><strong>Necesse</strong></span> <span class='ocrx_word' id='word_1_503' title='bbox 1158 3972 1248 4015; x_wconf 89' lang='lat' dir='ltr'><strong>est.</strong></span> <span class='ocrx_word' id='word_1_504' title='bbox 1314 3964 1400 4014; x_wconf 89' lang='grc'><strong>80.</strong></span> <span class='ocrx_word' id='word_1_505' title='bbox 1433 3965 1498 4013; x_wconf 86' lang='lat' dir='ltr'><strong>Et</strong></span> <span class='ocrx_word' id='word_1_506' title='bbox 1535 3963 1772 4013; x_wconf 86' lang='lat' dir='ltr'><strong>medicina</strong></span> <span class='ocrx_word' id='word_1_507' title='bbox 1810 3965 1970 4030; x_wconf 85' lang='lat' dir='ltr'><strong>igitur,</strong></span> <span class='ocrx_word' id='word_1_508' title='bbox 2006 3975 2059 4013; x_wconf 91' lang='lat' dir='ltr'><strong>ut</strong></span> <span class='ocrx_word' id='word_1_509' title='bbox 2085 3975 2301 4030; x_wconf 79' lang='lat' dir='ltr'><strong>apparet,</strong></span> <span class='ocrx_word' id='word_1_510' title='bbox 2340 3965 2465 4016; x_wconf 88' lang='lat' dir='ltr'><strong>circa</strong></span> <span class='ocrx_word' id='word_1_511' title='bbox 2506 3981 2740 4015; x_wconf 84' lang='lat' dir='ltr'><strong>sermones</strong></span> 
     </span>
     <span class='ocr_line' id='line_1_45' title="bbox 539 4043 2740 4110; baseline 0.001 -18"><span class='ocrx_word' id='word_1_512' title='bbox 539 4052 766 4095; x_wconf 70' lang='lat' dir='ltr'><strong>versatur.</strong></span> <span class='ocrx_word' id='word_1_513' title='bbox 833 4043 971 4094; x_wconf 81' lang='lat' dir='ltr'><strong>Gon.</strong></span> <span class='ocrx_word' id='word_1_514' title='bbox 1006 4045 1088 4094; x_wconf 89' lang='lat' dir='ltr'><strong>Sic</strong></span> <span class='ocrx_word' id='word_1_515' title='bbox 1120 4053 1210 4093; x_wconf 86' lang='lat' dir='ltr'><strong>est.</strong></span> <span class='ocrx_word' id='word_1_516' title='bbox 1276 4044 1364 4097; x_wconf 89' lang='lat' dir='ltr'><strong>So.</strong></span> <span class='ocrx_word' id='word_1_517' title='bbox 1400 4044 1497 4094; x_wconf 84' lang='lat' dir='ltr'><strong>Eos</strong></span> <span class='ocrx_word' id='word_1_518' title='bbox 1536 4045 1776 4104; x_wconf 83' lang='lat' dir='ltr'><strong>videlicet,</strong></span> <span class='ocrx_word' id='word_1_519' title='bbox 1808 4046 1892 4107; x_wconf 90' lang='lat' dir='ltr'><strong>qui</strong></span> <span class='ocrx_word' id='word_1_520' title='bbox 1935 4046 1996 4094; x_wconf 83' lang='lat' dir='ltr'><strong>ed</strong></span> <span class='ocrx_word' id='word_1_521' title='bbox 2045 4047 2230 4095; x_wconf 85' lang='lat' dir='ltr'><strong>morbos</strong></span> <span class='ocrx_word' id='word_1_522' title='bbox 2277 4046 2536 4110; x_wconf 88' lang='lat' dir='ltr'><strong>pertinent.</strong></span> <span class='ocrx_word' id='word_1_523' title='bbox 2604 4046 2740 4095; x_wconf 76' lang='lat' dir='ltr'><strong>Gon.</strong></span> 
     </span>
     <span class='ocr_line' id='line_1_46' title="bbox 539 4117 2741 4194; baseline -0.001 -18"><span class='ocrx_word' id='word_1_524' title='bbox 539 4126 771 4176; x_wconf 79' lang='lat' dir='ltr'><strong>Maxime.</strong></span> <span class='ocrx_word' id='word_1_525' title='bbox 838 4125 923 4173; x_wconf 89' lang='grc'><strong>80.</strong></span> <span class='ocrx_word' id='word_1_526' title='bbox 957 4123 1132 4174; x_wconf 83' lang='lat' dir='ltr'><strong>Nonne</strong></span> <span class='ocrx_word' id='word_1_527' title='bbox 1171 4117 1220 4174; x_wconf 81' lang='lat' dir='ltr'><strong>et</strong></span> <span class='ocrx_word' id='word_1_528' title='bbox 1241 4126 1539 4194; x_wconf 69' lang='lat' dir='ltr'><strong>gymnastica</strong></span> <span class='ocrx_word' id='word_1_529' title='bbox 1560 4126 1683 4175; x_wconf 86' lang='lat' dir='ltr'><strong>circa</strong></span> <span class='ocrx_word' id='word_1_530' title='bbox 1705 4142 1940 4175; x_wconf 80' lang='lat' dir='ltr'><strong>sermones</strong></span> <span class='ocrx_word' id='word_1_531' title='bbox 1961 4135 2033 4176; x_wconf 80' lang='lat' dir='ltr'><strong>est</strong></span> <span class='ocrx_word' id='word_1_532' title='bbox 2052 4127 2114 4174; x_wconf 86' lang='lat' dir='ltr'><strong>de</strong></span> <span class='ocrx_word' id='word_1_533' title='bbox 2139 4128 2269 4175; x_wconf 85' lang='lat' dir='ltr'><strong>bona</strong></span> <span class='ocrx_word' id='word_1_534' title='bbox 2291 4126 2472 4175; x_wconf 78' lang='lat' dir='ltr'><strong>malave</strong></span> <span class='ocrx_word' id='word_1_535' title='bbox 2494 4143 2741 4192; x_wconf 89' lang='lat' dir='ltr'><strong>corporum</strong></span> 
     </span>
     <span class='ocr_line' id='line_1_47' title="bbox 539 4195 2739 4273; baseline -0.001 -16"><span class='ocrx_word' id='word_1_536' title='bbox 539 4205 852 4257; x_wconf 85' lang='lat' dir='ltr'><strong>habitudine?</strong></span> <span class='ocrx_word' id='word_1_537' title='bbox 918 4205 1057 4255; x_wconf 77' lang='lat' dir='ltr'><strong>Gon.</strong></span> <span class='ocrx_word' id='word_1_538' title='bbox 1093 4195 1251 4255; x_wconf 78' lang='lat' dir='ltr'><strong>Certe.</strong></span> <span class='ocrx_word' id='word_1_539' title='bbox 1317 4207 1404 4255; x_wconf 91' lang='grc'><strong>80.</strong></span> <span class='ocrx_word' id='word_1_540' title='bbox 1437 4208 1588 4271; x_wconf 80' lang='lat' dir='ltr'><strong>Atqui</strong></span> <span class='ocrx_word' id='word_1_541' title='bbox 1621 4216 1670 4256; x_wconf 85' lang='lat' dir='ltr'><strong>et</strong></span> <span class='ocrx_word' id='word_1_542' title='bbox 1704 4208 1808 4255; x_wconf 82' lang='lat' dir='ltr'><strong>aliae</strong></span> <span class='ocrx_word' id='word_1_543' title='bbox 1847 4219 1984 4266; x_wconf 82' lang='lat' dir='ltr'><strong>artes,</strong></span> <span class='ocrx_word' id='word_1_544' title='bbox 2023 4224 2052 4256; x_wconf 92' lang='grc'><strong>0</strong></span> <span class='ocrx_word' id='word_1_545' title='bbox 2075 4209 2273 4273; x_wconf 77' lang='lat' dir='ltr'><strong>Gorgia,</strong></span> <span class='ocrx_word' id='word_1_546' title='bbox 2297 4210 2464 4258; x_wconf 85' lang='lat' dir='ltr'><strong>eadem</strong></span> <span class='ocrx_word' id='word_1_547' title='bbox 2489 4209 2669 4255; x_wconf 82' lang='lat' dir='ltr'><strong>ratione</strong></span> <span class='ocrx_word' id='word_1_548' title='bbox 2690 4221 2739 4255; x_wconf 84' lang='lat' dir='ltr'><strong>se</strong></span> 
     </span>
     <span class='ocr_line' id='line_1_48' title="bbox 538 4286 2741 4353; baseline 0 -18"><span class='ocrx_word' id='word_1_549' title='bbox 538 4290 732 4338; x_wconf 86' lang='lat' dir='ltr'><strong>habent.</strong></span> <span class='ocrx_word' id='word_1_550' title='bbox 765 4286 987 4353; x_wconf 64' lang='lat' dir='ltr'><strong>qualibet</strong></span> <span class='ocrx_word' id='word_1_551' title='bbox 1008 4286 1132 4335; x_wconf 88' lang='lat' dir='ltr'><strong>enim</strong></span> <span class='ocrx_word' id='word_1_552' title='bbox 1156 4303 1313 4335; x_wconf 83' lang='lat' dir='ltr'><strong>earum</strong></span> <span class='ocrx_word' id='word_1_553' title='bbox 1336 4295 1543 4336; x_wconf 75' lang='lat' dir='ltr'><strong>versatur</strong></span> <span class='ocrx_word' id='word_1_554' title='bbox 1581 4289 1707 4338; x_wconf 86' lang='lat' dir='ltr'><strong>circa</strong></span> <span class='ocrx_word' id='word_1_555' title='bbox 1739 4305 1973 4338; x_wconf 87' lang='lat' dir='ltr'><strong>sermones</strong></span> <span class='ocrx_word' id='word_1_556' title='bbox 1993 4305 2097 4352; x_wconf 82' lang='lat' dir='ltr'><strong>eos,</strong></span> <span class='ocrx_word' id='word_1_557' title='bbox 2114 4289 2194 4353; x_wconf 87' lang='lat' dir='ltr'><strong>qui</strong></span> <span class='ocrx_word' id='word_1_558' title='bbox 2226 4304 2284 4337; x_wconf 88' lang='lat' dir='ltr'><strong>ea</strong></span> <span class='ocrx_word' id='word_1_559' title='bbox 2306 4292 2368 4337; x_wconf 86' lang='lat' dir='ltr'><strong>de</strong></span> <span class='ocrx_word' id='word_1_560' title='bbox 2391 4306 2459 4346; x_wconf 88' lang='lat' dir='ltr'><strong>re,</strong></span> <span class='ocrx_word' id='word_1_561' title='bbox 2497 4287 2636 4352; x_wconf 86' lang='lat' dir='ltr'><strong>cujus</strong></span> <span class='ocrx_word' id='word_1_562' title='bbox 2671 4305 2741 4336; x_wconf 87' lang='lat' dir='ltr'><strong>ars</strong></span> 
     </span>
     <span class='ocr_line' id='line_1_49' title="bbox 539 4357 2742 4435; baseline 0.001 -19"><span class='ocrx_word' id='word_1_563' title='bbox 539 4369 646 4432; x_wconf 79' lang='lat' dir='ltr'><strong>ipsa</strong></span> <span class='ocrx_word' id='word_1_564' title='bbox 663 4377 753 4434; x_wconf 86' lang='lat' dir='ltr'><strong>est,</strong></span> <span class='ocrx_word' id='word_1_565' title='bbox 771 4370 1018 4418; x_wconf 80' lang='lat' dir='ltr'><strong>habentur.</strong></span> <span class='ocrx_word' id='word_1_566' title='bbox 1086 4357 1229 4418; x_wconf 75' lang='lat' dir='ltr'><strong>Gon.</strong></span> <span class='ocrx_word' id='word_1_567' title='bbox 1262 4368 1496 4434; x_wconf 78' lang='lat' dir='ltr'><strong>Apparet.</strong></span> <span class='ocrx_word' id='word_1_568' title='bbox 1563 4371 1648 4419; x_wconf 91' lang='lat' dir='ltr'><strong>So.</strong></span> <span class='ocrx_word' id='word_1_569' title='bbox 1683 4369 1779 4420; x_wconf 88' lang='lat' dir='ltr'><strong>Cur</strong></span> <span class='ocrx_word' id='word_1_570' title='bbox 1812 4386 1922 4434; x_wconf 84' lang='lat' dir='ltr'><strong>ergo</strong></span> <span class='ocrx_word' id='word_1_571' title='bbox 1954 4377 2075 4419; x_wconf 82' lang='lat' dir='ltr'><strong>artes</strong></span> <span class='ocrx_word' id='word_1_572' title='bbox 2097 4370 2214 4419; x_wconf 83' lang='lat' dir='ltr'><strong>alias</strong></span> <span class='ocrx_word' id='word_1_573' title='bbox 2236 4386 2330 4418; x_wconf 88' lang='lat' dir='ltr'><strong>non</strong></span> <span class='ocrx_word' id='word_1_574' title='bbox 2354 4370 2569 4435; x_wconf 82' lang='lat' dir='ltr'><strong>appellas</strong></span> <span class='ocrx_word' id='word_1_575' title='bbox 2587 4372 2742 4419; x_wconf 84' lang='lat' dir='ltr'><strong>rheto-</strong></span> 
     </span>
     <span class='ocr_line' id='line_1_50' title="bbox 540 4446 2740 4517; baseline 0.001 -20"><span class='ocrx_word' id='word_1_576' title='bbox 540 4446 677 4508; x_wconf 79' lang='lat' dir='ltr'><strong>ricas,</strong></span> <span class='ocrx_word' id='word_1_577' title='bbox 695 4467 804 4501; x_wconf 81' lang='lat' dir='ltr'><strong>eum</strong></span> <span class='ocrx_word' id='word_1_578' title='bbox 833 4450 956 4503; x_wconf 81' lang='lat' dir='ltr'><strong>circa</strong></span> <span class='ocrx_word' id='word_1_579' title='bbox 979 4465 1215 4502; x_wconf 81' lang='lat' dir='ltr'><strong>sermones</strong></span> <span class='ocrx_word' id='word_1_580' title='bbox 1238 4448 1367 4500; x_wconf 78' lang='lat' dir='ltr'><strong>sint?</strong></span> <span class='ocrx_word' id='word_1_581' title='bbox 1403 4450 1653 4516; x_wconf 80' lang='lat' dir='ltr'><strong>siquidem</strong></span> <span class='ocrx_word' id='word_1_582' title='bbox 1678 4452 1797 4500; x_wconf 84' lang='lat' dir='ltr'><strong>hanc</strong></span> <span class='ocrx_word' id='word_1_583' title='bbox 1822 4451 1973 4516; x_wconf 77' lang='lat' dir='ltr'><strong>ipsam</strong></span> <span class='ocrx_word' id='word_1_584' title='bbox 1998 4451 2210 4516; x_wconf 80' lang='lat' dir='ltr'><strong>appellas</strong></span> <span class='ocrx_word' id='word_1_585' title='bbox 2231 4451 2530 4511; x_wconf 77' lang='lat' dir='ltr'><strong>rhetoricam,</strong></span> <span class='ocrx_word' id='word_1_586' title='bbox 2551 4467 2658 4517; x_wconf 83' lang='lat' dir='ltr'><strong>quae</strong></span> <span class='ocrx_word' id='word_1_587' title='bbox 2682 4451 2740 4500; x_wconf 79' lang='lat' dir='ltr'><strong>sit</strong></span> 
     </span>
    </p>
   </div>
  </div>
 </body>
</html>
