2917 4975
491 413 605 511 15'2
625 481 629 485 -
1411 440 1810 509 PLA'ltoms
2580 448 2697 526 [52

491 605 664 662 tacere,
685 603 770 670 qul
786 601 970 652 virtutis
989 614 1149 651 curam
1171 612 1332 649 revera
1351 599 1529 651 babere
1544 597 1788 664 profiteris.
1855 596 1934 646 An
1956 595 2025 647 sle
2046 612 2099 649 es
2113 596 2322 662 sapiens,
2344 606 2398 646 ut
2418 606 2467 649 te
2485 598 2698 658 latuerit,

491 693 542 736 et
561 685 684 752 patri
703 693 754 735 et
772 683 906 733 matri
926 690 977 731 et
997 679 1373 746 progenitoribus
1391 679 1613 733 omnibus
1634 677 1834 744 patriam
1856 694 1959 728 esso
1974 680 2392 742 anteponendam;
2422 688 2570 745 atque
2588 696 2698 730 ease

487 763 801 816 venerabilius
819 763 1046 829 quiddam
1067 760 1383 826 sanctiusque,
1405 761 1523 811 etin
1545 759 1770 823 superiori
1793 767 1937 817 sorte,
1962 766 2061 807 tum
2093 759 2223 824 apud
2261 760 2398 818 deos,
2435 767 2535 808 tum
2556 763 2689 826 apud

487 846 702 897 homines
721 845 892 895 mentis
918 850 1182 909 compotes,
1209 842 1410 908 patriam
1445 841 1807 892 collocandam?
1841 839 2091 905 coloreque
2128 856 2234 889 eam
2270 848 2489 904 oportere
2519 842 2692 906 magis,

487 929 629 995 eique
651 928 875 988 obedirc;
905 941 962 975 ac
984 925 1181 989 rigidius
1201 939 1252 973 se
1285 923 1468 988 gerenti
1491 923 1649 971 mitius
1670 921 1903 981 assentiri,
1924 937 2065 986 quam
2102 921 2253 985 patri.
2288 932 2356 978 et,
2390 920 2571 986 siquid
2602 922 2688 985 jn-

488 1009 618 1067 beat,
652 1006 729 1056 vel
762 1005 1034 1057 dissuadere
1063 1004 1134 1052 illi
1169 1012 1399 1070 quantum
1436 1003 1596 1068 liceat,
1626 1003 1701 1051 vel
1740 1003 1929 1065 facere3
1977 1010 2028 1051 et
2063 1001 2405 1068 patientissime
2440 1002 2692 1060 sustinere,

488 1088 724 1154 quidquid
755 1086 952 1151 jusserit
985 1083 1298 1149 patiendum?
1343 1098 1420 1141 ac,
1449 1084 1549 1133 sive
1584 1083 1877 1132 mandaverit
1899 1081 2131 1131 verberari
2171 1090 2239 1140 te,
2277 1081 2375 1132 sire
2409 1082 2460 1130 in
2494 1082 2691 1132 vincula

489 1168 686 1232 conjici,
721 1169 821 1218 sive
856 1168 907 1216 in
934 1166 1152 1233 proelium
1186 1165 1365 1214 miserit
1394 1166 1454 1214 ad
1481 1164 1675 1214 vulnera
1709 1163 2011 1228 excipienda,
2048 1172 2340 1228 mortemque
2372 1164 2691 1223 subeundam,

490 1249 810 1301 obediendum
832 1256 906 1299 est
923 1249 1135 1297 omnino.
1151 1245 1233 1309 jus
1254 1246 1383 1295 enim
1402 1244 1475 1294 ita
1495 1245 1646 1295 dictat
1665 1259 1682 1306 3
1703 1252 1752 1293 et
1771 1260 1926 1309 neque
1946 1243 2362 1308 tergiversandum,
2384 1258 2540 1309 neque
2560 1245 2691 1309 fugi-

489 1332 684 1397 endum,
698 1346 854 1398 neque
870 1329 1081 1380 ordinem
1095 1328 1425 1383 deserendum,
1443 1326 1528 1375 sed
1544 1333 1594 1374 et
1608 1324 1661 1374 in
1682 1324 1829 1388 bello,
1851 1334 1899 1374 ct
1918 1323 1966 1372 in
1983 1324 2196 1389 judicio,
2217 1332 2267 1374 et
2290 1340 2474 1390 prorsus
2490 1326 2691 1391 ubique,

488 1421 693 1471 easunt,
725 1428 833 1477 quae
870 1409 1136 1476 respublica
1169 1407 1416 1473 patriaque
1443 1407 1656 1472 jusserit,
1692 1406 1942 1456 facienda:
1977 1414 2062 1455 aut
2093 1413 2221 1455 certe
2242 1406 2415 1471 verbis,
2451 1415 2691 1471 quatenus

481 1494 665 1558 justum
686 1500 777 1560 est,
817 1492 888 1541 uti
908 1491 1020 1541 licet
1040 1490 1102 1538 ad
1125 1489 1505 1555 persuadendum
1528 1487 1599 1537 illi
1632 1503 1832 1552 eamque
1861 1487 2139 1551 placandam
2158 1505 2173 1535 ε
2209 1487 2257 1536 vi
2278 1494 2435 1536 autem
2459 1488 2529 1535 uti
2552 1488 2691 1537 nefas

486 1582 577 1632 est,
613 1575 687 1625 vel
707 1582 870 1623 contra
890 1582 1102 1630 matrem,
1136 1570 1210 1628 vel
1232 1577 1397 1619 contra
1434 1576 1633 1634 patrem,
1663 1569 1866 1618 maxime
1889 1584 1997 1617 vero
2027 1568 2239 1617 omnium
2268 1575 2432 1617 contra
2464 1568 2690 1633 patriam.

484 1655 727 1712 Quidnam
749 1655 810 1703 ad
832 1654 935 1703 baec
956 1653 1185 1713 dicemus,
1207 1651 1358 1707 Crito,
1379 1665 1552 1700 verane
1589 1649 1720 1717 loqni
1753 1650 1901 1715 leges,
1930 1665 1992 1698 an
2023 1649 2219 1698 contra?
2286 1648 2545 1700 Cnimihi
2578 1650 2689 1716 qui·

484 1735 595 1783 dem
615 1735 851 1783 videntur.
915 1732 1004 1781 So.
1037 1731 1245 1781 Proinde
1262 1730 1392 1794 leges
1413 1731 1607 1779 fortasse
1627 1730 1790 1780 dicent
1810 1746 1825 1780 ι
1860 1728 2216 1789 Animadverte,
2233 1746 2262 1778 o
2277 1731 2511 1790 Socrates,
2527 1739 2686 1780 utrum

487 1828 593 1861 vere
606 1813 836 1875 dicamus,
866 1820 914 1861 te
933 1811 1115 1876 injusta
1134 1818 1300 1859 contra
1321 1826 1409 1859 nos
1428 1810 1639 1876 aggredi.
1703 1810 1808 1859 Nos
1845 1810 2058 1875 quidem,
2090 1826 2199 1878 quo
2235 1819 2282 1861 te
2317 1818 2368 1861 et
2398 1811 2517 1860 alios
2556 1813 2689 1861 cives

484 1892 749 1957 genuimus,
783 1892 1107 1950 educavimus,
1144 1890 1439 1955 nutrivimus,
1478 1890 1733 1956 participes
1763 1891 1994 1940 bonorum
2026 1891 2258 1955 omnium,
2288 1907 2397 1957 quo
2434 1892 2483 1940 in
2522 1901 2687 1942 nostra

484 1981 620 2022 erant
641 1981 893 2038 potestate,
914 1972 1187 2022 effecimusz
1224 1979 1379 2019 tamen
1402 1970 1697 2035 permisimus
1717 1970 1914 2019 cuilibet
1937 1969 2319 2029 Atheniensium,
2351 1972 2552 2036 cognitis
2575 1972 2683 2036 jam

484 2055 692 2105 civitatis
712 2055 915 2104 moribus
937 2053 1233 2117 legibusque,
1263 2061 1312 2100 et
1346 2051 1621 2117 reipublice
1644 2051 1965 2117 gubernandas
1998 2052 2168 2116 forma,
2201 2052 2242 2100 si
2263 2051 2339 2101 cui
2370 2068 2467 2101 non
2491 2052 2695 2117 placea·'

486 2153 607 2195 mus,
626 2135 789 2200 licere,
810 2132 1019 2199 acceptis
1038 2132 1153 2191 suis,
1168 2146 1453 2197 quocunque
1477 2131 1707 2195 placuerit
1724 2132 1836 2183 binc
1855 2133 2000 2182 abire.
2066 2132 2173 2182 Nec
2207 2133 2305 2182 ulla
2325 2150 2382 2182 ex
2404 2135 2540 2183 nobis
2563 2133 2684 2200 legi·

483 2218 574 2277 bus
593 2216 797 2282 impedit
814 2223 898 2265 aut
918 2214 1141 2278 denegat,
1175 2212 1274 2262 sire
1296 2213 1402 2278 quis
1423 2220 1650 2275 vestrum,
1682 2213 1759 2262 cui
1782 2228 1870 2262 nos
1892 2211 2157 2278 civitasque
2177 2213 2373 2264 minime
2396 2214 2685 2280 placeamus,

483 2298 533 2346 in
555 2298 788 2349 coloniam
810 2295 1017 2362 aliquam
1038 2295 1149 2344 irinc
1172 2294 1290 2343 velit
1310 2294 1571 2352 discedere,
1601 2293 1700 2342 sive
1734 2293 2076 2343 habitationem
2114 2293 2209 2343 alio
2231 2295 2477 2344 transferre
2498 2296 2687 2361 cupiat,

483 2395 581 2446 quo
599 2380 753 2429 minus
774 2379 825 2428 id
849 2393 933 2443 pro
954 2376 1144 2427 arbitrio
1167 2375 1320 2426 tacere
1340 2374 1516 2440 valeat,
1535 2388 1791 2439 secumque
1813 2389 1897 2424 sua
1919 2374 2138 2440 perferre.
2201 2373 2272 2423 At
2286 2391 2395 2425 vero
2411 2375 2688 2441 quicunque

482 2477 540 2511 ex
565 2462 717 2522 robis,
739 2468 988 2526 postquam
1008 2457 1297 2524 cognoverit,
1315 2456 1714 2523 quemadmodum
1735 2471 1821 2506 nos
1829 2455 2017 2521 judicia
2037 2454 2349 2521 disponimus,
2373 2464 2423 2507 et
2444 2457 2495 2506 in
2514 2457 2689 2507 ceteris

484 2543 701 2592 omnibus
722 2541 924 2606 regimus
947 2540 1208 2596 civitatem,
1229 2525 1539 2602 permanserit
1558 2546 1737 2598 tamen,
1756 2537 1884 2587 hunc
1915 2536 2015 2601 jam
2038 2551 2374 2596 asseveramus,
2411 2551 2554 2603 opere
2572 2538 2685 2604 ipso

482 2622 758 2672 convenisse
779 2621 1043 2678 nobiscum,
1063 2633 1359 2685 quascunque
1390 2618 1685 2682 jusserimus,
1718 2633 1769 2667 se
1800 2618 2048 2669 facturum.
2111 2617 2274 2682 Atque
2308 2634 2438 2680 eum,
2471 2622 2553 2686 qui
2586 2636 2688 2669 non

486 2702 710 2766 paruerit,
744 2700 992 2765 tripliciter
1025 2697 1235 2764 injuriari
1254 2712 1529 2748 censemus=
1565 2708 1615 2749 et
1650 2699 1779 2765 quod
1801 2698 2107 2765 genitricibus
2129 2700 2266 2747 nobis
2301 2715 2398 2749 non
2435 2703 2686 2767 obtempe-

482 2793 587 2845 ηις
620 2790 672 2831 et
690 2783 818 2846 quod
843 2781 1102 2830 nutricibus
1117 2795 1213 2828 non
1236 2780 1548 2845 obsequitur3
1578 2789 1628 2829 et
1647 2782 1776 2845 quod
1801 2788 1969 2845 pactus
1988 2779 2125 2828 nobis
2146 2780 2359 2845 obedire,
2385 2798 2544 2847 neque
2567 2785 2685 2832 obe-

484 2865 573 2922 dit,
594 2880 750 2930 nequc
765 2856 1050 2929 persuadere
1072 2862 1209 2910 nobis
1229 2862 1406 2919 studet,
1444 2861 1484 2909 si
1517 2862 1632 2926 quid
1667 2862 1822 2910 minus
1844 2869 1970 2911 recte
1989 2860 2145 2911 facere
2168 2862 2440 2911 videamur:
2473 2879 2687 2928 cumque

482 2954 722 3010 precepta
743 2953 901 2994 nostra
923 2944 1068 2993 libere
1102 2942 1218 3009 [62]
1254 2958 1591 3008 proponamus,
1625 2957 1783 3007 neque
1816 2942 2091 2992 mandemus
2125 2942 2290 3008 rigide,
2324 2942 2404 2990 sed
2430 2945 2689 3007 permitta-

381 3025 386 3029 ’
482 3045 587 3078 mus
606 3015 800 3077 alterum
824 3042 852 3077 c
872 3025 1077 3088 duobus,
1097 3033 1182 3074 aut
1202 3025 1354 3074 verbis
1374 3023 1646 3089 persuaderi
1666 3023 1821 3082 nobis,
1842 3031 1927 3073 aut
1947 3024 2166 3073 mandata
2185 3022 2369 3086 explere
2386 3038 2403 3084 3
2437 3030 2491 3071 tu
2508 3024 2686 3073 horum

482 3118 699 3160 neutrum
719 3109 856 3159 facis.
922 3107 1013 3156 His
1030 3122 1140 3171 ergo
1161 3105 1435 3156 criminibus
1468 3119 1535 3166 te,
1573 3122 1603 3154 ο
1626 3105 1859 3162 Socrates,
1898 3104 2153 3154 obnoxium
2178 3101 2447 3167 judicamus
2467 3103 2589 3172 sore,
2622 3106 2686 3165 si,

481 3206 588 3257 quo
611 3191 809 3254 cogitas,
831 3189 1028 3239 seceris:
1065 3204 1156 3238 nec
1191 3187 1382 3237 minime
1415 3185 1778 3236 Atheniensium
1812 3193 1879 3242 te,
1918 3185 2002 3234 sed
2026 3184 2224 3234 maxime
2245 3184 2473 3235 omnium.
2541 3183 2619 3235 Ac
2641 3186 2686 3234 si

483 3285 670 3321 causatu
692 3270 937 3334 requiram,
957 3270 1020 3317 ob
1038 3284 1180 3332 quarn
1203 3284 1299 3333 prae
1321 3269 1490 3318 ceteris
1516 3268 1606 3316 sim
1640 3266 1890 3324 obnoxius,
1924 3266 2045 3315 forte
2076 3265 2207 3328 juste
2227 3281 2305 3314 me
2343 3266 2681 3325 remorderent,

482 3351 713 3407 dicentes,
736 3365 812 3398 me
833 3348 1036 3397 maxime
1058 3348 1267 3396 omnium
1290 3347 1656 3396 Atheniensium
1680 3347 1885 3397 civitatis
1910 3348 2093 3413 legibus
2115 3345 2425 3397 consensisse.
2459 3348 2530 3396 sic
2550 3346 2679 3396 enim

480 3431 731 3481 inferrent:
769 3429 951 3492 Magna
973 3428 1128 3486 nobis,
1150 3442 1180 3475 o
1201 3427 1433 3485 Socrates,
1453 3428 1618 3475 horum
1648 3435 1760 3477 sunt
1784 3437 2076 3492 argumenta,
2108 3428 2193 3476 tibi
2224 3443 2310 3476 nos
2343 3428 2680 3493 civitatemque

481 3509 732 3576 placuisse.
766 3524 1008 3576 nunquam
1044 3508 1167 3557 enim
1198 3508 1398 3557 maxime
1430 3508 1641 3557 omniurn
1678 3507 2039 3559 Atheniensium
2073 3508 2126 3558 in
2160 3526 2219 3557 ea
2252 3525 2405 3558 moras
2440 3511 2680 3573 traxisses,

481 3591 681 3652 nisi-tibi
704 3590 896 3640 mirifice
920 3589 1187 3653 placuisset.
1254 3589 1425 3655 Itaque
1448 3605 1537 3639 nec
1555 3591 1817 3656 spectaculi
1836 3592 1987 3656 gratia
2008 3592 2123 3641 urbe
2146 3605 2355 3656 unquam
2375 3606 2587 3655 egressus
2608 3608 2680 3649 es,

480 3673 573 3722 nisi
592 3672 735 3721 semel
757 3671 809 3719 in
831 3670 1079 3729 Isthmum,
1117 3686 1207 3721 nec
1226 3670 1322 3720 alio
1346 3686 1564 3736 usquam,
1587 3671 1676 3720 nisi
1700 3672 1747 3720 in
1770 3672 1967 3734 militia,
2002 3687 2158 3737 neque
2189 3671 2327 3720 aliam
2353 3670 2506 3720 fecisti
2542 3688 2681 3736 pere-

482 3753 791 3820 grinationem
814 3767 1039 3817 unquam,
1058 3753 1455 3816 quemadmodum
1478 3749 1620 3803 ceteri
1642 3754 1833 3816 solent3
1866 3768 2021 3818 neque
2043 3750 2234 3801 alterius
2255 3750 2461 3800 civitatis
2477 3758 2526 3800 te
2547 3751 2682 3816 cepit

481 3835 738 3900 cupiditas,
779 3833 1034 3882 aliarumve
1062 3832 1253 3898 legum.
1287 3834 1371 3882 sed
1414 3850 1503 3882 nos
1538 3834 1624 3883 tibi
1660 3842 1912 3898 nostraque
1946 3833 2112 3883 civitas
2148 3831 2495 3892 satisfecimus3
2530 3848 2681 3897 nsque

480 3917 603 3966 adeo
618 3916 918 3964 vehementer
939 3914 1146 3978 probasti
1167 3929 1272 3977 nos,
1292 3915 1558 3980 nostrisque
1579 3915 1786 3964 moribus
1806 3914 2036 3964 victurum
2077 3920 2125 3961 te
2151 3911 2465 3961 consensisti·
2500 3922 2602 3960 turn
2627 3912 2679 3960 in

479 3997 647 4047 ceteris
667 3997 822 4055 rebus,
858 4004 957 4044 turn
978 3994 1091 4061 quia
1121 3995 1173 4044 in
1203 4011 1263 4045 ea
1296 3995 1424 4044 lilios
1453 3995 1725 4061 procreasti,
1762 4004 1931 4061 utpote
1961 4010 2069 4060 qua
2106 3992 2193 4042 tibl
2227 3993 2475 4058 placuerit.
2543 3992 2681 4051 Quin

480 4078 625 4128 etiam
642 4077 818 4127 licebat
838 4077 960 4125 tibi
945 4093 997 4126 in
1016 4077 1121 4141 ipso
1132 4076 1319 4141 judicio
1342 4078 1555 4126 exsilium
1579 4077 1838 4143 postulare,
1872 4076 1913 4125 si
1938 4075 2197 4136 voluisses3
2229 4081 2375 4138 atque
2393 4074 2525 4139 qnod
2549 4088 2683 4122 nunc

478 4159 629 4209 invita
649 4158 841 4210 civitate
859 4158 1143 4222 aggrederis,
1165 4167 1280 4207 tunc
1300 4173 1359 4208 ea
1378 4158 1570 4207 volente
1601 4165 1790 4221 poteras
1825 4158 1996 4207 facere.
2063 4155 2137 4205 Tu
2161 4171 2271 4203 vero
2292 4154 2446 4202 verbis
2474 4161 2591 4204 tunc
2626 4164 2679 4203 te

478 4241 704 4304 extulisti,
722 4238 858 4304 quasi
872 4255 970 4288 non
992 4239 1193 4303 graviter
1226 4239 1385 4297 serres,
1417 4240 1457 4288 si
1492 4239 1609 4287 mori
1642 4246 1689 4287 te
1712 4246 1966 4303 oporteret.
2000 4236 2260 4302 quinimmo
2282 4242 2480 4284 mortem
2502 4235 2678 4299 ipsam,

479 4333 535 4373 ut
557 4323 767 4379 dicebas,
790 4319 948 4385 potius
969 4335 1110 4384 quam
1130 4319 1344 4369 exsilium
1363 4319 1568 4384 elegisti.
1636 4318 1779 4368 Nunc
1801 4335 1910 4368 vero
1933 4334 2021 4367 nec
2044 4316 2186 4366 verba
2216 4315 2299 4364 illa
2319 4324 2402 4364 tua
2423 4316 2684 4380 erubescis,

479 4420 635 4469 neque
652 4417 741 4452 nos
759 4403 886 4468 leges
907 4400 1094 4460 vereris,
1115 4402 1196 4450 scd
1215 4403 1353 4451 nobis
1377 4402 1614 4450 interitum
1638 4400 1933 4451 machinaris.
1999 4398 2138 4447 Facis
2159 4405 2335 4454 autem,
2356 4397 2487 4460 quod
2518 4397 2678 4444 deter—

479 4484 619 4533 rimus
639 4484 814 4536 t'accret
834 4499 1009 4549 servus,
1032 4483 1190 4551 sugam
1214 4483 1414 4550 arripere
1437 4490 1642 4542 tentans,
1678 4490 1838 4533 contra
1873 4482 2118 4548 pactiones
2146 4473 2601 4542 conventionesque,
2623 4476 2675 4524 in
