2917 4975
517 439 638 513 2‘06
1415 444 1833 507 PLATONIS
2567 447 2718 525 [482

509 603 705 670 plicare.
772 604 1007 661 Quorsum
1026 600 1166 651 hnc?
1200 613 1373 663 nempe
1395 598 1736 656 animadverto,
1759 613 1834 646 me
1855 604 1999 662 etque
2032 604 2084 646 ιο
2110 596 2385 647 nunc'ldem
2409 596 2511 661 peti
2531 612 2547 646 ι
2582 612 2718 647 cum·

513 702 610 751 que
628 687 726 733 duo
747 683 907 740 simus,
927 682 1026 731 duo
1048 681 1265 745 quodam
1298 694 1473 727 emere.
1538 677 1664 726 Nem
1686 693 1778 742 ego
1811 676 2155 741 philosophiam
2178 692 2320 726 amos
2351 685 2406 726 tu
2424 692 2537 727 vero
2559 693 2718 742 popu-

512 766 610 814 lum
628 763 983 813 Atheniensem.
1049 761 1215 810 Sentio
1254 759 1435 824 itaque,
1476 758 1516 807 si
1553 759 1602 807 iu
1641 760 1875 808 concione
1917 759 2001 807 tibi
2042 759 2250 822 populus
2287 759 2643 816 contradixerit.
2664 766 2716 808 ιο

512 845 817 903 consuevisse
839 850 1018 892 mutue
1039 841 1339 897 sententiam,
1361 848 1508 904 atque
1529 855 1589 888 ea
1609 839 1765 888 dicere
1785 854 1893 903 qum
1915 839 1983 887 illi
2006 839 2192 904 placere
2227 839 2482 903 intelligas,
2502 855 2593 889 nec
2615 839 2714 888 ullo

510 925 655 982 modo
676 937 814 988 posse
835 921 1067 972 voluntati
1079 920 1185 984 ejus
1205 920 1446 968 obsistere.
1511 918 1829 976 Quamobrem
1853 919 2020 983 siquis
2041 918 2140 982 ille,
2160 934 2269 983 qum
2293 926 2343 967 ιιι
2368 916 2516 982 gretie
2546 918 2714 982 populi

509 1005 651 1060 dicis,
689 1003 962 1059 admiratus,
1000 1001 1203 1049 absurde
1238 1015 1343 1048 esse
1380 998 1631 1064 objecerit,
1667 999 1977 1063 respondebis
2014 997 2227 1057 forsitan,
2264 999 2407 1047 modo
2428 1014 2539 1047 vera
2574 998 2712 1047 fateri

510 1085 647 1142 velis,
667 1085 757 1132 nisi
778 1085 819 1132 is
837 1098 979 1148 quem
1003 1089 1056 1130 tu
1077 1096 1222 1137 amn,
1259 1079 1407 1144 [482]
1443 1080 1649 1144 populus
1673 1086 1822 1128 mutet
1841 1078 2143 1141 sententiam,
2161 1094 2253 1128 nec
2284 1093 2495 1143 unquam
2535 1086 2584 1127 te
2607 1094 2710 1127 mu-

514 1172 736 1215 taturum.
802 1164 937 1214 Idem
960 1163 1049 1212 tibi
1067 1163 1189 1211 sorte
1207 1161 1506 1225 contingeret
1526 1176 1636 1225 erga
1659 1161 1894 1224 privatum
1914 1160 2170 1225 quendam,
2191 1159 2229 1207 si
2247 1175 2389 1224 quem
2409 1160 2713 1207 vehemente

517 1261 710 1295 amares.
779 1245 1017 1295 Arbitrare
1060 1243 1220 1307 igitur,
1254 1241 1367 1292 talia
1405 1258 1435 1291 a
1472 1258 1547 1291 me
1579 1243 1798 1306 quodam
1843 1249 1892 1290 te
1926 1240 2119 1300 audire3
2153 1255 2245 1289 nec
2287 1239 2404 1287 talia
2431 1254 2511 1287 me
2550 1238 2712 1288 <licere

510 1326 780 1374 admireris:
813 1326 897 1375 sed
924 1325 988 1374 da
1018 1339 1228 1389 operam,
1246 1331 1302 1372 ut
1331 1322 1638 1388 philosophia
1676 1338 1816 1387 quem
1853 1337 1977 1379 emo,
2011 1323 2113 1370 hnc
2135 1320 2258 1370 velle
2295 1320 2510 1369 desistat.
2577 1318 2713 1369 Dicit

509 1408 638 1455 enim
660 1408 758 1467 illa,
779 1423 809 1456 o
831 1405 983 1455 dulcis
1003 1405 1172 1462 amice,
1192 1420 1377 1469 semper
1397 1419 1507 1469 qum
1536 1421 1566 1452 ιι
1598 1419 1672 1452 me
1711 1403 1864 1453 sudis.
1897 1409 1949 1450 et
1977 1402 2017 1450 si
2054 1398 2351 1450 familiarium
2374 1399 2571 1466 quidam
2591 1399 2709 1449 alias

511 1487 630 1535 mihi
650 1488 858 1552 loquitur
875 1486 1044 1546 alitem
1079 1484 1380 1549 philosophia
1405 1491 1564 1533 tamen
1583 1496 1769 1547 semper
1788 1482 1972 1531 eadem.
2016 1480 2135 1530 dicit
2155 1489 2309 1530 autem
2346 1496 2455 1546 qum
2488 1488 2540 1529 tu
2577 1495 2708 1530 nnnc

508 1567 776 1616 admireris:
810 1568 953 1615 modo
988 1565 1115 1614 enim
1146 1579 1354 1629 presens
1389 1564 1584 1614 audisti.
1648 1561 1755 1611 Aut
1791 1578 1902 1627 ergo
1939 1562 2088 1620 illam,
2110 1562 2241 1626 quod
2278 1577 2432 1626 nuper
2468 1561 2704 1623 dicebam,

508 1651 753 1712 redargue,
775 1654 918 1710 atque
940 1645 1156 1702 ostende,
1176 1643 1395 1707 iujuriam
1414 1643 1571 1692 facere
1591 1658 1683 1692 nec
1717 1644 1830 1691 dere
1853 1656 2017 1706 poenss
2037 1657 2136 1690 non
2156 1650 2414 1691 extremum
2434 1657 2540 1690 esse
2561 1640 2710 1689 malo-

508 1744 646 1778 rum:
680 1734 781 1783 aut,
802 1727 842 1774 si
874 1727 965 1774 hoc
996 1732 1119 1773 stare
1150 1722 1285 1786 sinis,
1322 1723 1532 1787 prodico
1569 1722 1674 1780 tibi,
1707 1737 1738 1770 o
1772 1721 2012 1778 Callicles,
2050 1737 2135 1787 per
2164 1736 2330 1770 canem
2365 1722 2706 1785 AEgyptiorum

509 1809 670 1865 deum,
691 1821 932 1869 nunquam
956 1811 1005 1853 te
1028 1802 1216 1853 Callicli
1237 1816 1591 1859 consensurum,
1612 1801 1694 1849 sed
1731 1802 1781 1849 in
1818 1802 1949 1849 omui
1979 1802 2075 1851 vita
2098 1810 2482 1867 repugnaturum.
2547 1800 2709 1866 Atqui

505 1904 614 1951 ego,
637 1902 667 1935 o
690 1887 761 1935 vir
779 1885 978 1949 optimc,
1001 1890 1218 1948 prestare
1228 1882 1421 1946 judico,
1444 1888 1499 1929 ut
1538 1881 1645 1946 lyra
1678 1882 1791 1930 mihi
1830 1883 2071 1933 discordet
2104 1890 2156 1931 et
2191 1882 2415 1940 dissonet,
2436 1882 2708 1945 chorusque

505 1983 646 2033 quem
669 1967 859 2023 ducam,
879 1980 937 2014 ec
958 1964 1091 2012 multi
1112 1971 1337 2027 praterea
1364 1963 1581 2011 homines
1615 1962 1958 2018 contradicant.
1980 1977 2124 2026 quarn
2158 1971 2214 2012 ιιι
2231 1980 2323 2028 ego
2346 1979 2467 2029 nnus
2487 1962 2710 2010 mihimet

406 2094 411 2099 .
504 2048 744 2103 dissonem
767 2054 910 2111 etque
928 2059 1204 2109 repugnem.
1271 2044 1403 2094 Cu..
1437 2042 1485 2092 Ο
1508 2044 1741 2102 Socrates,
1765 2043 1951 2093 videtur
1970 2047 2074 2094 hnc
2108 2052 2192 2093 tua
2224 2043 2455 2108 juvenilis
2482 2045 2704 2109 quadem

503 2127 554 2175 in
576 2125 863 2191 disputando
876 2123 1130 2188 jactantia,
1150 2140 1207 2173 ac
1244 2138 1402 2172 revere
1422 2124 1627 2188 vulgaris
1661 2125 1854 2189 quidam
1889 2140 2089 2189 appares
2121 2126 2460 2174 concionator:
2488 2136 2542 2173 et
2573 2141 2703 2175 nunc

505 2209 698 2275 quidem
719 2208 769 2256 in
792 2207 864 2256 his
884 2205 1213 2268 concionaris;
1243 2220 1351 2254 cnm
1372 2204 1500 2254 idem
1522 2205 1644 2255 Polo
1666 2206 1893 2264 evenerit,
1921 2207 2052 2271 quod
2086 2207 2300 2256 evenisse
2321 2205 2532 2270 Gorgia,
2555 2207 2703 2271 paulo

506 2296 618 2339 ante
638 2303 749 2352 erge
770 2295 816 2336 te
838 2288 1106 2338 accusabat.
1139 2302 1248 2335 nem
1272 2285 1500 2350 Gorgiam
1527 2287 1734 2352 quodam
1772 2287 1822 2335 in
1847 2287 1954 2336 loco
1975 2303 2005 2335 ιι
2029 2294 2077 2335 ιο
2097 2287 2451 2352 interrogatum,
2472 2286 2512 2335 si
2536 2302 2704 2352 perge-

505 2378 578 2420 ret
598 2369 660 2419 ad
680 2370 837 2433 ipsum
874 2367 1049 2433 aliquis
1083 2366 1358 2416 rhetoricam
1392 2375 1717 2431 percepturus,
1740 2367 1823 2415 sed
1841 2365 1964 2430 juris
2001 2366 2207 2431 ignarus,
2228 2382 2290 2415 an
2317 2367 2455 2415 illum
2492 2369 2708 2431 doceret,

505 2453 672 2501 rubore
701 2449 978 2507 adductum,
1014 2447 1374 2513 inquitPolus,
1412 2448 1715 2498 affirmavisse
1753 2447 1885 2497 illum
1919 2462 1970 2497 se
2001 2463 2106 2497 esse
2136 2446 2421 2497 docturum:
2451 2447 2602 2512 idque
2638 2449 2704 2497 ob

502 2532 634 2596 ipsos
652 2531 894 2580 hominum
918 2544 1085 2585 mores,
1105 2527 1189 2591 qui
1226 2530 1429 2592 graviter
1462 2529 1655 2591 ferrent,
1673 2529 1715 2577 si
1733 2528 1843 2592 quis
1866 2527 1979 2577 talia
2003 2543 2100 2576 non
2121 2529 2419 2578 concederet.
2452 2529 2516 2576 ob
2537 2528 2705 2593 hujus-

502 2611 634 2659 modi
663 2609 836 2657 deinde
857 2608 1208 2657 concessionem
1231 2615 1448 2655 coactum
1486 2624 1589 2656 esse
1621 2608 1846 2671 Gorgiam
1882 2608 2069 2656 sibimet
2087 2609 2426 2658 contradicere.
2455 2616 2508 2657 et
2528 2619 2578 2658 te
2598 2609 2708 2674 qui-

501 2690 611 2739 dem
625 2688 758 2753 juste
779 2696 893 2735 tunc
915 2703 1020 2735 meo
1029 2685 1216 2749 judicio
1237 2685 1395 2743 irrisit,
1416 2688 1545 2751 quod
1570 2686 1842 2750 hujusmodi
1865 2688 2068 2751 ineptias
2082 2690 2357 2753 sequereris.
2429 2687 2575 2738 Nunc
2593 2705 2704 2738 vero

501 2785 657 2818 rursus
678 2767 802 2816 Polo
822 2767 987 2816 eadem
1008 2771 1270 2816 evenerunt
1290 2783 1303 2813 ι
1337 2775 1482 2831 etque
1503 2783 1595 2830 ego
1617 2767 1790 2816 Polum
1823 2767 1875 2815 in
1912 2770 2004 2817 hoc
2038 2769 2233 2817 minime
2270 2772 2438 2833 probo,
2459 2772 2593 2835 quod
2615 2771 2705 2819 tibi

499 2847 805 2910 concesserit,
842 2847 1058 2911 injuriam
1081 2846 1264 2911 turpius
1284 2862 1386 2895 esse
1410 2848 1566 2895 fecere
1586 2862 1728 2912 quam
1751 2847 1868 2911 pati.
1900 2848 1964 2895 ob
2002 2862 2147 2910 quam
2165 2851 2529 2899 concessionem
2552 2852 2704 2916 impe-
2789 2859 2804 2872 ‘

501 2929 629 2980 ditus
650 2945 680 2978 a
709 2937 775 2986 te,
791 2943 900 2994 que
929 2928 1235 2993 cogitaverat.
1273 2926 1509 2991 explicare
1544 2942 1642 2976 non
1674 2927 1851 2992 potuit.
1912 2926 1988 2975 Tu
2011 2942 2120 2976 vero
2141 2942 2317 2986 revera,
2340 2943 2372 2976 o
2392 2929 2629 2989 Socrnoes,
2647 2931 2703 2980 in

499 3011 747 3076 scrupulos
765 2997 1157 3073 concionalcsque
1191 3007 1495 3058 difficultates
1528 3007 1775 3057 audientes
1807 3007 2023 3064 adducis.
2056 3008 2172 3056 dum
2194 3008 2440 3057 veritatem
2479 3013 2617 3075 sequi
2650 3020 2704 3061 ιο

501 3091 749 3157 profiteris.
780 3089 922 3139 affers
941 3090 1106 3155 utique
1126 3088 1176 3137 in
1199 3091 1409 3140 medium
1434 3105 1543 3154 qum
1560 3098 1728 3139 ustura
1748 3089 1940 3154 quidem
1963 3088 2159 3153 pulchra
2182 3104 2281 3137 nou
2303 3097 2435 3153 sunt,
2453 3093 2539 3140 sed
2575 3092 2702 3156 lep.

496 3172 782 3237 Plerumque
798 3187 910 3220 vero
931 3171 1120 3226 eccidit.
1144 3178 1199 3218 ut
1219 3170 1449 3220 contraria
1473 3170 1570 3220 sint
1589 3172 1712 3221 inter
1732 3186 1785 3220 se
1807 3171 1882 3220 lex
1902 3178 2049 3235 etque
2083 3178 2269 3222 nature.
2332 3171 2386 3219 Si
2419 3170 2530 3235 quis
2551 3171 2698 3237 igitur

497 3254 742 3301 erubescat
762 3266 920 3315 neque
940 3251 1114 3299 audeat
1129 3265 1236 3314 quun
1271 3250 1421 3314 [483]
1454 3251 1552 3299 sint
1571 3251 1852 3316 exprimere,
1873 3251 2105 3300 contraria
2120 3250 2310 3300 sibimet
2327 3250 2464 3301 fateri
2485 3251 2701 3316 compel-

496 3332 627 3393 litur,
649 3339 701 3379 tu
722 3346 833 3378 vero
855 3331 905 3378 id
926 3330 1125 3378 astutius
1145 3330 1539 3388 animadvertens,
1561 3331 1797 3381 insidiaris
1818 3331 1872 3381 in
1894 3332 2064 3381 verbis.
2129 3331 2181 3380 Si
2217 3332 2325 3396 quis
2359 3331 2488 3380 enim
2526 3346 2720 3381 secun--

496 3411 611 3459 dum
632 3410 782 3474 legem
805 3409 1039 3473 loquetur,
1061 3416 1111 3456 tu
1134 3408 1363 3474 deinceps
1384 3411 1645 3458 secundum
1679 3419 1892 3474 naturum
1933 3411 2207 3475 interrogas.
2239 3410 2281 3459 si
2302 3427 2409 3460 vero
2431 3411 2697 3461 secundum

496 3500 711 3539 naturam
737 3488 836 3547 ille,
856 3489 962 3552 ipse
985 3489 1244 3537 secundum
1280 3489 1469 3553 legem:
1503 3490 1902 3554 quemadmodum
1940 3490 2003 3540 de
2042 3490 2287 3541 inferenda
2305 3491 2381 3540 vel
2418 3492 2700 3543 munimus

501 3570 676 3634 injuria
694 3571 837 3618 modo
859 3568 1030 3619 fecisti.
1097 3568 1219 3617 Cum
1240 3570 1365 3618 enim
1399 3559 1549 3620 Polus
1581 3571 1839 3620 secundnm
1863 3570 2014 3635 legem
2039 3571 2209 3621 inferre
2231 3572 2415 3637 turpius
2435 3563 2540 3622 esse
2559 3573 2695 3622 dice·

502 3659 590 3709 ret,
609 3652 716 3716 ipse
736 3650 887 3713 legem
908 3665 960 3699 es
983 3655 1273 3713 persecutus.
1337 3649 1524 3699 Nature
1541 3652 1669 3700 enim
1690 3651 1924 3718 quidquid
1959 3651 2097 3716 pejus
2131 3661 2220 3710 est,
2242 3653 2368 3701 idem
2403 3659 2454 3700 et
2490 3653 2698 3718 turpius,

501 3731 641 3797 quale
661 3737 737 3780 est
771 3727 990 3793 injuriam
1030 3729 1164 3794 pati:
1201 3728 1306 3794 lege
1338 3747 1466 3788 vero,
1502 3732 1687 3782 inferre.
1722 3747 1819 3780 non
1847 3733 1972 3780 enirn
1996 3733 2078 3780 viri
2113 3741 2187 3782 est
2219 3731 2417 3797 injurias
2456 3733 2577 3798 peti.
2608 3734 2700 3783 sed

498 3810 722 3873 mancipii
755 3809 1022 3875 cujusdam,
1060 3809 1138 3858 cui
1174 3810 1341 3859 melius
1374 3819 1501 3859 esset
1533 3823 1766 3860 mortuum
1803 3828 1907 3860 esse
1941 3828 2082 3877 quam
2105 3813 2297 3862 viveres
2330 3814 2461 3878 quod
2482 3813 2700 3879 quiden,

497 3890 799 3942 contumeliis
819 3891 1101 3956 injuriisque
1124 3891 1366 3956 affectum,
1400 3908 1559 3957 neque
1596 3893 1688 3941 sibi
1708 3908 1867 3958 neque
1889 3893 1985 3941 suis
2008 3899 2166 3956 potest
2184 3892 2423 3957 opitulari.
2491 3895 2696 3954 Verum,

493 3979 547 4020 ut
567 3987 658 4036 ego
679 3971 890 4029 arbitror,
911 3972 995 4037 qui
1030 3972 1159 4036 leges
1181 3973 1414 4030 condunt,
1434 3972 1767 4023 imbecilliores
1788 3982 1900 4021 sunt
1919 3973 2096 4037 plures.
2161 3974 2332 4039 Itaque
2356 3975 2554 4025 utilitati
2575 3993 2698 4026 con-

491 4051 701 4101 sulentes
722 4067 820 4100 suo
844 4053 972 4117 leges
993 4053 1305 4102 constituunt.
1338 4061 1564 4117 praterea
1585 4054 1751 4104 leudes
1775 4055 2237 4119 vituperationesque
2258 4055 2541 4119 disponunt,
2560 4065 2698 4107 metu.

485 4132 805 4199 potentiorum
827 4133 1040 4190 adducti,
1063 4148 1125 4181 ne
1159 4148 1254 4197 qua
1290 4134 1340 4182 in
1365 4151 1413 4184 re
1435 4135 1664 4185 excedere
1695 4152 1778 4184 eos
1800 4136 2000 4199 possint.
2035 4133 2201 4199 itaque
2223 4137 2360 4185 aiunt
2379 4145 2517 4201 turpe
2538 4138 2698 4201 injus-

489 4224 686 4279 tumque
707 4229 808 4263 esse
822 4213 927 4265 aliis
948 4212 1060 4278 plus
1079 4215 1249 4264 hebere
1271 4234 1286 4276 ;
1318 4216 1464 4280 idque
1486 4215 1726 4265 definiunt
1745 4215 1965 4280 injuriam
1986 4215 2159 4275 facere,
2180 4216 2287 4279 plus
2309 4217 2534 4266 videlicet
2549 4233 2696 4283 quam

487 4296 568 4344 alii
591 4303 645 4344 ut
664 4295 856 4358 habeas,
873 4309 1099 4359 querere.
1130 4296 1243 4344 satis
1264 4295 1391 4344 enim
1413 4296 1506 4345 sibi
1521 4297 1697 4345 factum
1716 4305 1903 4361 putant,
1923 4297 2092 4346 sicum
2115 4297 2356 4347 inferiores
2369 4298 2483 4357 sint,
2505 4313 2696 4363 requam

486 4378 695 4425 habeant
734 4371 1013 4440 portionem.
1080 4375 1159 4424 Ob
1198 4377 1320 4425 lianc
1356 4376 1502 4440 igitur
1535 4361 1766 4427 rationem
1794 4377 1898 4442 lege
1922 4378 2115 4443 quidem
2137 4379 2186 4427 id
2208 4378 2437 4443 injustum
2459 4385 2697 4443 turpeque

489 4455 678 4514 dicitur,
712 4472 916 4520 quarere
940 4464 992 4527 ut
1013 4457 1186 4507 habeas
1210 4458 1315 4521 plus
1339 4473 1482 4523 quam
1501 4460 1680 4509 ceteri}
1713 4467 1855 4526 etque
1875 4459 1997 4510 hene
2020 4460 2162 4524 vulgo
2185 4458 2404 4523 injuriam
2426 4460 2695 4512 nominant.
