2917 4975
180 378 325 456 πο]
1063 377 1492 443 PHAEDRUS.
2301 387 2374 446 13

183 536 336 580 nesta
374 529 481 579 alio
500 529 555 580 in
585 529 696 581 coeli
716 530 952 596 quendam
972 529 1128 582 locum
1164 549 1251 598 per
1263 533 1502 597 judicium
1539 533 1751 592 elevata,
1787 533 1858 582 ita
1883 534 2084 600 degunt,
2104 541 2160 583 ut
2178 535 2378 600 dignum

186 615 265 658 est
283 625 347 658 ea
367 611 479 668 vita,
502 626 645 675 quam
676 612 729 660 in
766 611 967 662 bominis
997 613 1146 677 figura
1177 613 1409 665 vixerunt.
1477 613 1737 664 Millesimo
1772 630 1897 663 anno
1925 617 2076 664 ambo
2107 616 2381 671 redeuntes,

191 697 371 738 sortem
388 698 437 740 et
454 692 736 742 electionem
770 694 991 742 secundo
1023 692 1135 742 vit·
1166 694 1449 758 suscipiunt,
1482 704 1533 744 et
1563 695 1731 759 deligit
1759 710 2055 759 unaqueque
2085 710 2191 743 eam
2214 694 2380 750 vitam,

191 784 335 833 quam
360 771 488 819 velit.
553 772 650 821 Hic
670 779 722 821 et
740 772 792 820 in
814 774 977 823 bestim
997 773 1141 822 vitam
1170 774 1377 822 humana
1408 775 1567 822 anima
1596 773 1780 836 transit,
1807 783 1858 823 et
1875 790 1934 823 ex
1963 774 2115 822 bestia
2135 788 2289 822 rursus
2322 771 2378 819 in

194 848 452 907 hominen,
474 851 518 899 si
536 852 682 900 modo
701 867 762 900 ea
780 852 937 901 anima
957 855 1244 918 quandoque
1264 855 1394 918 prius
1413 855 1555 903 fuerit
1575 854 1795 904 hominis.
1859 853 1987 902 Nam
2006 869 2114 917 quo
2133 866 2378 916 nunquam

194 927 439 976 veritatem
460 929 738 992 inspexerit,
756 931 808 978 in
828 932 952 980 hanc
977 932 1174 995 figuram
1209 934 1367 981 venire
1389 949 1487 982 non
1520 934 1713 996 poterit.
1778 941 1966 997 oportet
1997 949 2106 983 vero
2136 933 2376 981 bominem

194 1007 458 1072 intelligere
479 1010 741 1059 secundum
769 1011 995 1075 speciem,
1024 1027 1082 1061 ex
1116 1011 1275 1061 multis
1307 1014 1639 1077 procedentem
1660 1013 1874 1062 sensibus
1891 1013 1941 1060 in
1963 1028 2109 1060 unum
2128 1012 2380 1061 ratiocina-

193 1087 326 1136 tione
346 1097 651 1153 conceptum.
720 1089 829 1140 Hoc
847 1098 1006 1140 autem
1028 1099 1101 1140 est
1119 1093 1381 1142 recordatio
1402 1093 1607 1151 illorum,
1628 1108 1736 1158 qum
1767 1093 1882 1141 olim
1906 1092 2025 1141 vidit
2042 1092 2199 1142 anima
2219 1100 2380 1140 nostra

194 1189 303 1222 cnm
337 1173 449 1223 Deo
479 1175 714 1239 profecta,
745 1182 797 1224 et
815 1175 896 1224 illa
916 1175 1203 1241 despicient,
1220 1193 1328 1242 qum
1357 1193 1487 1227 nunc
1508 1193 1612 1228 esse
1632 1178 1848 1235 dicimus,
1863 1184 1916 1227 et
1932 1178 1993 1226 ad
2015 1178 2083 1235 id,
2104 1177 2233 1242 quod
2266 1191 2376 1224 vere

193 1260 282 1311 est,
304 1269 490 1303 sursum
520 1256 708 1306 reflexa.
772 1264 1058 1320 quapropter
1085 1258 1186 1305 sola
1220 1259 1494 1322 philosophi
1530 1259 1760 1322 cogitatio
1794 1259 1962 1307 merito
1996 1266 2242 1321 recuperat
2259 1256 2377 1305 alas.

193 1349 300 1384 nam
339 1333 436 1383 illis
472 1351 673 1399 semper,
711 1342 937 1399 quantum
977 1337 1076 1385 fleri
1114 1345 1288 1401 potest,
1324 1340 1547 1387 memoria
1573 1338 1787 1401 iuberet,
1803 1339 1974 1403 quibus
1994 1337 2129 1386 Deus
2146 1338 2382 1385 inhaerens

192 1413 385 1462 divinus
405 1422 499 1465 est.
520 1416 695 1464 talibus
714 1424 871 1465 sutem
892 1418 1363 1466 commentationibus
1384 1419 1468 1481 qui
1487 1425 1614 1467 recte
1634 1420 1798 1475 utitur,
1819 1418 2134 1480 perfectisque
2147 1414 2386 1479 mysteriis

194 1494 638 1558 semperimbuitur,
654 1495 889 1557 perfectus
901 1511 1061 1548 revera
1081 1497 1211 1544 solus
1230 1497 1407 1547 evadit.
1427 1499 1488 1544 ab
1509 1497 1728 1544 humanis
1746 1503 1904 1545 autem
1926 1495 2089 1542 studiis
2101 1499 2386 1557 segregatus,

191 1572 463 1638 divinoque
482 1574 734 1632 inherens,
754 1576 959 1640 carpitur
977 1590 1008 1623 a
1028 1574 1355 1639 multitudine,
1389 1576 1524 1640 quasi
1554 1584 1686 1624 extra
1717 1592 1768 1624 se
1798 1575 1982 1640 positus
2002 1590 2015 1620 ε
2046 1575 2130 1622 sed
2151 1573 2253 1638 ipse
2273 1571 2384 1621 Deo

191 1654 376 1717 plenus
399 1653 751 1703 multitudinem
777 1653 906 1706 latet.
970 1654 1150 1704 Tendit
1176 1655 1319 1721 igitur
1339 1657 1431 1707 huc
1465 1663 1592 1704 totus
1612 1671 1779 1713 sermo,
1813 1656 1894 1719 qui
1915 1662 1989 1703 est
2020 1655 2144 1703 circa
2166 1661 2384 1718 quartum

193 1733 420 1790 furorem,
442 1748 541 1797 quo
562 1735 758 1798 quando
774 1736 896 1800 quis,
930 1736 1029 1784 visa
1060 1736 1137 1786 hic
1168 1736 1521 1800 pulchritudine
1553 1736 1728 1800 aliqua,
1761 1739 1882 1784 v'erm
1914 1734 2039 1783 illius
2058 1734 2379 1791 reminiscens,

194 1814 293 1863 alas
312 1813 505 1877 recipit,
528 1813 824 1879 receptisque
843 1817 1039 1865 evolare‘
1049 1816 1214 1867 nititur
1232 1834 1247 1864 ε
1279 1833 1388 1867 cum
1408 1833 1520 1867 vero
1542 1817 1592 1867 id
1615 1816 1768 1867 facere
1788 1823 2013 1880 nequeat,
2034 1823 2255 1880 tanquam
2277 1815 2378 1863 avis

198 1909 405 1958 superna
422 1894 702 1958 suspiciens,
724 1903 775 1945 et
793 1895 1012 1946 inferiora
1024 1904 1352 1961 contemnens,
1367 1899 1545 1947 crimen
1563 1903 1788 1962 reportat,
1802 1896 1939 1960 quasi
1953 1896 2105 1945 surore
2121 1901 2379 1957 correptus.

199 1973 321 2022 Hoc
342 1974 507 2038 itaque
528 1974 693 2023 divina
711 1975 934 2025 alienatio
956 1979 1167 2027 omnium
1188 1978 1523 2028 alienationum
1545 1979 1742 2043 optima,
1763 1985 1906 2042 atque
1927 1991 1986 2025 ex
2017 1975 2206 2038 optimis
2227 1973 2299 2030 fir,
2331 1979 2384 2022 et

196 2053 410 2110 htbwfi»
422 2061 473 2102 et
492 2055 795 2119 participanti
813 2074 827 2105 ε
844 2059 988 2123 etqui
1004 2059 1095 2107 boc
1106 2066 1294 2108 tenetur
1303 2059 1475 2117 furore,
1492 2075 1601 2108 cum
1616 2066 1744 2107 amet
1757 2058 1969 2121 pulchra,
1980 2061 2158 2104 amator
2170 2061 2381 2102 vocatur.

200 2132 271 2183 Ut
284 2133 415 2181 enim
435 2133 615 2182 dictum
636 2145 726 2192 est,
744 2138 894 2187 omnis
908 2138 1067 2187 anima
1080 2139 1372 2197 hominisea,
1391 2155 1501 2205 quae
1515 2155 1623 2188 vere
1643 2145 1771 2196 sunt,
1792 2136 1963 2204 intuita
1983 2142 2077 2197 est,
2096 2132 2307 2197 alioquin
2329 2132 2382 2178 in

198 2215 291 2262 boe
313 2213 489 2262 animal
510 2230 606 2263 non
628 2216 849 2266 venisset.
916 2217 1061 2283 [2⁶0]
1122 2220 1357 2268 recordari
1379 2236 1488 2268 vero
1506 2236 1564 2267 ex
1588 2220 1679 2275 his,
1701 2232 1808 2281 quar
1827 2217 1906 2265 hic
1927 2222 2054 2276 sunt,
2074 2213 2259 2261 illorum
2281 2225 2380 2258 non

198 2293 343 2344 facile
365 2302 438 2342 est
458 2293 692 2349 omnibus,
715 2310 804 2343 nec
825 2304 943 2359 quot
961 2313 1019 2343 ex
1041 2298 1135 2345 illis
1156 2299 1294 2345 breve
1317 2305 1504 2357 tempus
1524 2297 1638 2341 illuc
1653 2296 1973 2354 inspexerunt,
1991 2307 2146 2354 neque
2158 2298 2276 2353 quot
2288 2291 2386 2336 huc

197 2374 547 2424 descendentes
562 2374 861 2421 infortunato
881 2374 1090 2434 fuerunt,
1111 2375 1178 2421 ita
1193 2381 1248 2420 ut
1262 2372 1545 2435 quibusdam
1569 2369 1989 2419 consuetudinibus
2008 2369 2294 2430 depravato,
2314 2380 2387 2413 sa-

196 2470 399 2513 crorum,
422 2468 530 2518 qun
550 2452 807 2518 aliquando
840 2452 1158 2518 inspexerant,
1191 2451 1477 2501 oblivionem
1510 2449 1817 2514 susceperint.
1883 2448 2200 2505 Quamobrem
2223 2457 2387 2510 paucas

197 2543 393 2597 restant,
411 2535 585 2600 quibus
604 2533 719 2597 satis
738 2533 974 2581 memoria
994 2533 1212 2597 supersit.
1246 2533 1338 2581 Hm
1359 2549 1487 2596 vero,
1501 2533 1695 2596 quando
1717 2531 1794 2580 hic
1810 2528 2164 2581 similitudinem
2180 2527 2384 2590 aliquam

197 2633 380 2674 eorum,
400 2624 510 2680 qum
532 2614 629 2663 illic
648 2615 967 2677 inspexerant,
984 2614 1242 2672 intuentur,
1274 2614 1632 2678 obstupescunt,
1665 2620 1716 2661 et
1735 2612 1871 2678 quasi
1889 2618 2020 2660 extra
2038 2626 2090 2659 se
2112 2616 2383 2673 ponuntur:

200 2712 308 2762 quo
329 2704 491 2744 tamen
502 2695 571 2749 ,sit
603 2695 707 2742 hnc
727 2693 934 2750 affectio,
955 2693 1190 2758 ignorant,
1211 2695 1323 2758 quia
1362 2710 1458 2742 non
1480 2694 1592 2742 satis
1607 2693 1799 2742 omnino
1817 2692 2124 2757 persentiunt.
2170 2690 2203 2739 J
2208 2688 2382 2737 ustitia

199 2778 412 2841 quldem,
443 2782 494 2824 et
528 2774 870 2839 temperantia,
905 2781 956 2823 et
996 2775 1211 2839 aliorum,
1248 2783 1368 2840 quot
1401 2775 1572 2824 animis
1607 2774 1889 2824 venerabilia
1917 2781 2045 2831 sunt,
2081 2771 2382 2835 splendorem

198 2858 381 2906 nullum
435 2857 488 2904 in
535 2856 610 2904 hi·
660 2855 942 2920 imaginibus
981 2857 1242 2906 cernimus:
1298 2858 1381 2907 sed
1436 2873 1522 2921 per
1561 2858 1758 2905 obscura
1810 2855 2025 2919 quaedam
2078 2853 2386 2900 instrumenta

194 2940 273 2988 vix
316 2944 369 2986 et
409 2936 636 3002 perpauci
664 2936 715 2984 in
756 2952 917 2985 eorum
952 2937 1180 3002 imagines
1224 2940 1523 3001 accedentes,
1558 2937 1680 3002 ejus,
1722 2938 1852 3002 quod
1894 2934 2188 2989 assimilatur,
2233 2945 2383 2995 genus

196 3021 457 3085 aspiciunt.
545 3018 618 3065 Ar
657 3016 1053 3081 pulchritudinem
1096 3026 1210 3069 tunc
1252 3015 1427 3071 licebat
1469 3020 1629 3071 videre
1670 3017 1986 3069 clarissimam,
2030 3012 2221 3076 quaudo
2272 3023 2383 3057 cum

198 3103 341 3150 beato
350 3100 436 3147 illo
457 3099 603 3147 choro
623 3098 811 3147 felicem
832 3098 1059 3146 visionem
1075 3100 1615 3162 contemplationemque
1631 3095 1799 3149 secuti,
1813 3109 1922 3142 cum
1938 3092 2060 3141 Jove
2075 3090 2265 3153 quidem
2280 3103 2384 3143 nos,

201 3182 280 3231 alii
298 3196 413 3231 vero
450 3195 562 3228 cum
583 3178 677 3225 alio
715 3178 922 3243 quodam
959 3176 1173 3225 Deorum
1210 3166 1449 3233 viderunt,
1481 3183 1532 3225 et
1564 3175 1738 3223 initiati
1773 3181 1884 3223 sunt
1900 3171 2058 3227 sacris,
2079 3185 2186 3234 qum
2207 3169 2277 3217 fas
2310 3173 2384 3216 est

200 3264 357 3314 dicere
377 3272 617 3309 sacrorum
638 3256 849 3304 omnium
871 3255 1134 3305 beatissima
1153 3275 1166 3304 z
1189 3272 1295 3321 quae
1314 3272 1561 3321 operamur
1577 3257 1744 3321 integri
1764 3256 1953 3321 quidem
1970 3269 2075 3318 nos,
2085 3260 2134 3302 et
2156 3251 2380 3309 malorum

200 3349 437 3408 expertes,
459 3343 582 3402 quot
599 3336 651 3384 in
672 3343 906 3399 posterum
927 3338 1195 3402 manebant,
1211 3339 1393 3403 integra
1413 3354 1604 3404 quoque
1619 3347 1669 3388 et
1683 3338 1933 3404 simplicia,
1947 3334 2312 3397 immobiliaque,
2328 3339 2381 3381 et

200 3425 340 3474 been
359 3418 639 3486 spectacula
658 3417 827 3466 initiati
848 3418 1166 3483 inspectantes
1186 3436 1304 3485 pura
1323 3421 1375 3469 in
1396 3420 1504 3470 luce
1524 3421 1631 3486 puri
1661 3430 1712 3470 et
1729 3420 2031 3476 immaculati,
2052 3417 2287 3480 solutique
2319 3416 2382 3465 ab

202 3506 308 3562 hoc,
346 3501 481 3567 quod
516 3514 645 3548 nunc
664 3498 1058 3562 circumferentes,
1077 3516 1248 3565 corpus
1278 3516 1519 3564 vocamus,
1548 3501 1602 3550 in
1637 3501 1829 3549 modum
1860 3507 2023 3548 ostreas
2055 3499 2165 3547 huic
2185 3495 2381 3559 alligati.

202 3585 319 3635 Hoec
340 3590 501 3632 autem
524 3580 758 3628 memoria
776 3579 875 3627 sint
893 3581 1137 3646 attributa,
1156 3590 1349 3646 pmpter
1369 3598 1511 3646 quam
1532 3581 1765 3631 desiderio
1785 3580 1986 3636 illorum,
2009 3593 2118 3642 qum
2138 3578 2378 3642 quondam

201 3666 423 3725 vidimus,
445 3676 574 3710 nunc
594 3675 852 3709 sermonem
872 3662 1185 3711 extendimus.
1219 3663 1530 3713 Pulchritudo
1546 3671 1723 3727 autem,
1743 3660 2136 3727 quemadmodum
2158 3657 2380 3714 diximus,

201 3754 377 3796 etcum
396 3743 493 3792 illis
514 3741 816 3806 progrediens
833 3741 1094 3806 effulgebat
1114 3751 1247 3801 tunc,
1266 3753 1317 3793 et
1337 3746 1429 3793 huc
1450 3744 1649 3808 profecti
1666 3743 1960 3808 percepimus
1976 3753 2078 3788 eam
2097 3753 2180 3801 per
2192 3752 2380 3785 sensum

203 3836 460 3877 nostrorum
482 3820 936 3888 perspicacissimum
955 3821 1209 3872 clarissime
1228 3825 1557 3888 refulgentem.
1619 3825 1747 3872 visus
1768 3823 1895 3871 enim
1925 3818 2063 3869 nobis
2084 3815 2381 3882 pontentissi-

202 3923 303 3956 mus
333 3912 407 3955 est
444 3917 665 3952 sensuum
705 3901 931 3958 omnium,
964 3902 1049 3966 qui
1085 3918 1171 3966 per
1205 3919 1375 3967 corpus
1411 3905 1547 3954 fiunt.
1609 3920 1706 3968 quo
1744 3900 1979 3966 sapientia
2018 3913 2116 3945 non
2156 3894 2381 3945 cernitur.

200 3991 416 4038 ardentes
437 3984 566 4033 enim
601 3983 824 4032 excitaret
843 3997 1041 4039 amores,
1063 3982 1103 4030 ai
1140 3984 1259 4047 quid
1281 3984 1377 4031 tale
1417 3985 1565 4047 ipsius
1585 3985 1881 4032 simulacrum
1909 3978 2206 4028 manifestum
2227 3974 2379 4023 oculis

200 4067 481 4134 proveniret.
547 4063 730 4111 Eadem
749 4069 825 4110 est
844 4063 907 4110 de
926 4062 1112 4120 ceteris,
1135 4078 1243 4127 qum
1264 4054 1377 4111 sunt
1392 4063 1630 4119 amabilia,
1654 4063 1790 4112 ratio.
1854 4062 1924 4108 At
1941 4075 2051 4108 vero
2074 4054 2376 4122 pulchritudo

200 4150 298 4198 sola
316 4150 444 4196 hanc
463 4142 634 4192 habuit
652 4151 839 4199 sortem,
862 4149 916 4190 ut
937 4144 1134 4192 maxime
1156 4143 1366 4192 omnium
1385 4151 1437 4192 et
1456 4143 1706 4209 perspicua
1728 4142 1806 4199 sit,
1822 4150 1872 4190 et
1892 4139 2120 4189 amabilis.
2152 4135 2252 4195 Qui
2263 4148 2375 4196 ergo

203 4245 294 4277 non
315 4235 391 4276 est
412 4223 647 4289 mysteriis
684 4237 833 4286 nuper
868 4223 1097 4280 initiatus,
1137 4232 1223 4273 aut
1257 4223 1417 4287 potius
1453 4231 1527 4273 est
1558 4226 1856 4287 depravatus,
1876 4221 2004 4268 haud
2024 4219 2236 4269 celeriter
2265 4213 2380 4261 hinc

205 4309 310 4358 illuc
331 4308 395 4356 sd
411 4306 565 4371 ipsam
588 4301 985 4366 pulchritudinem
1015 4304 1264 4364 excitatur,
1294 4302 1649 4351 similitudinem
1682 4302 1760 4349 hic
1790 4299 2042 4363 quandam,
2064 4312 2173 4362 qum
2203 4292 2265 4338 ab
2295 4289 2379 4336 3¹¹⁸

206 4388 549 4442 denominatur,
585 4382 834 4446 aspicieus.
896 4391 1183 4449 quapropter
1214 4399 1311 4432 non
1336 4390 1597 4438 veneratur,
1618 4381 1734 4429 dum
1754 4377 1941 4441 aspicit,
1958 4378 2040 4424 sed
2063 4367 2384 4435 quadrupedis

206 4467 294 4519 ritu
314 4467 507 4519 deditus
528 4462 779 4527 voluptati,
798 4464 987 4527 aggredi
1020 4473 1070 4514 et
1101 4465 1412 4515 concumbere
1444 4462 1640 4510 nititur:
1678 4458 2034 4520 petulanterque
2054 4446 2378 4510 congrediens,
