2917 4975
176 446 338 526 219]
638 410 647 415 ’
986 439 1490 505 οοΝνινιυΜ.
2259 444 2384 505 423

178 598 391 649 coimus.
456 596 590 656 Quid
610 596 769 647 multis
789 612 910 663 opus
929 602 1003 647 est
1026 588 1212 647 verbis?
1246 595 1367 645 nibil
1403 593 1522 644 mihi
1545 590 1805 645 ‘succende
1872 593 2129 660 Postquam
2152 610 2262 649 vero
2293 595 2385 645 bec

174 694 486 745 nequaquem
500 685 803 737 successerst,
817 677 1080 727 durioribus
1095 675 1485 726 ωιοὶιίιιιωοιῐὶι
1501 674 1650 724 virum
1670 676 1797 725 hunc
1818 675 2011 739 aggredi
2028 675 2188 732 statui,
2208 691 2300 726 nec
2321 675 2382 724 ab

174 757 391 823 inceptis
426 760 668 809 desistere.
739 759 938 817 Audite,
979 773 1120 822 quam
1162 758 1465 808 vehementer
1504 755 1615 806 huic
1657 754 1907 805 insidiatus
1950 772 2069 806 sum.
2134 755 2385 806 Coenstum

174 839 435 897 munivi,
452 847 674 904 tanquam
698 847 875 888 amator
895 837 1060 887 ametis
1081 837 1349 889 insidiatus·
1416 836 1467 885 Is
1489 851 1589 885 non
1609 835 1749 885 facile
1771 852 1860 899 nee
1881 836 2029 900 primo
2054 835 2210 900 paruit
2232 852 2247 882 z
2280 842 2385 882 tan-

177 920 300 968 dem
322 934 432 968 vero
452 920 706 969 obsecutus
725 927 817 968 est.
845 918 977 967 venit
997 933 1142 982 ergo:
1176 916 1260 965 sed
1296 922 1485 980 sumpto
1507 914 1616 965 cibo
1649 913 1899 965 confestim
1928 915 2136 967 abiturus
2173 913 2385 963 surrexit.

182 999 332 1049 Tunc
352 1015 443 1063 ego
464 1001 646 1063 pudore
674 1001 899 1051 detentu·
923 999 1054 1047 abire
1078 996 1288 1063 permisi.
1318 997 1403 1046 sed
1423 995 1540 1045 alins
1572 995 1940 1045 vehementiores
1970 995 2167 1045 iusidias
2192 996 2392 1044 tendens

178 1088 302 1144 post
332 1095 512 1128 coenum
551 1080 611 1128 ed
650 1080 844 1129 multem
889 1087 1079 1129 noctem
1122 1092 1383 1126 sermonem
1427 1076 1664 1140 protraxi:
1699 1091 1901 1140 cumque
1945 1075 2089 1124 vellet
2127 1074 2387 1130 discedere,

179 1158 421 1223 objiciens
443 1161 772 1224 intempestum
794 1168 984 1208 noctem
1007 1173 1195 1207 manere
1214 1155 1375 1219 coegi,
1397 1156 1580 1219 quievit
1612 1155 1756 1219 igitur
1775 1156 1826 1203 in
1849 1154 2061 1218 proximo
2081 1154 2224 1213 lecto,
2245 1168 2389 1218 super

176 1255 332 1304 quem
354 1241 525 1290 sedens
544 1249 827 1298 coenaverat,
863 1255 952 1288 nec
984 1238 1107 1287 elius
1140 1245 1309 1301 prater
1339 1251 1428 1283 nos
1461 1234 1586 1283 ullus
1616 1234 1688 1283 ibi
1718 1250 1777 1282 ea
1798 1240 1939 1284 nocte
1959 1234 2198 1285 dormivit.
2262 1234 2387 1291 Quo

176 1320 415 1370 haetenm
451 1320 583 1369 dicta
623 1329 752 1377 suut,
790 1319 892 1367 sine
927 1318 1096 1367 rubore
1131 1313 1306 1379 ubique
1346 1315 1537 1379 prot‘erri
1572 1322 1771 1379 possunt
1787 1332 1801 1361 ε
1825 1330 1936 1378 qum
1961 1329 2073 1363 vero
2109 1319 2388 1376 sequuntur,

179 1415 287 1449 non
309 1400 438 1465 prius
469 1400 692 1458 audietis,
710 1414 854 1464 quern
877 1396 1171 1462 proverbium
1193 1396 1310 1445 illud
1335 1395 1666 1454 recensuerim,
1703 1394 1880 1445 Vinum
1902 1402 1953 1444 et
1970 1410 2080 1443 cum
2103 1392 2308 1457 pueritie
2339 1399 2392 1442 et

168 1480 289 1529 sine
311 1479 512 1544 pueritia
530 1486 604 1527 est
622 1478 900 1530 veridicum.
932 1475 1067 1533 Quin
1086 1474 1230 1525 etiem
1248 1474 1477 1539 injustum
1493 1474 1696 1532 videtur,
1713 1482 1766 1524 ut
1782 1475 1840 1538 is,
1854 1475 1937 1540 qui
1952 1475 2192 1524 Socratem
2206 1475 2389 1538 laudnt,

176 1560 442 1624 superbum
465 1566 517 1607 et
532 1558 760 1607 invictum
780 1558 965 1607 {acinus
989 1554 1117 1604 illius
1138 1554 1329 1605 silentio
1352 1562 1617 1620 praetereat.
1683 1554 1919 1605 Praeterea
1933 1571 2028 1603 non
2042 1555 2178 1605 aliter
2191 1556 2392 1606 affectus

178 1655 295 1688 sum
316 1655 457 1703 quam
488 1639 594 1700 ille,
617 1655 760 1704 quem
793 1639 957 1703 vipera
995 1635 1195 1684 mordet.
1228 1635 1361 1684 illum
1393 1635 1575 1700 quippe
1606 1634 1781 1694 ferunt,
1811 1635 1965 1701 qualis
1994 1636 2056 1684 sit
2087 1635 2192 1701 ejus
2215 1637 2392 1701 passio,

178 1719 371 1784 aperire
393 1719 521 1768 nolle
543 1718 633 1767 nisi
655 1719 748 1776 his,
768 1718 851 1784 qui
872 1715 1084 1766 similiter
1104 1722 1336 1780 egrotant
1359 1734 1373 1765 ε
1407 1716 1543 1780 qnasi
1575 1715 1626 1763 hi
1646 1715 1755 1773 soli,
1788 1722 1953 1781 utpote
1976 1714 2086 1765 mali
2107 1732 2205 1765 non
2238 1716 2388 1781 [218]

182 1800 362 1866 ignari,
385 1800 650 1865 ignoscent,
668 1800 710 1848 si
731 1800 838 1863 quis
859 1798 1071 1851 cruciatu
1092 1797 1364 1862 compulsus
1384 1805 1436 1845 et
1462 1795 1596 1862 loqui
1618 1805 1670 1845 et
1699 1811 1837 1861 egere
1870 1805 2044 1846 cuncta
2065 1813 2164 1847 non
2185 1798 2392 1847 dubitet.

182 1881 301 1946 Ego
323 1881 465 1945 igitur
497 1897 594 1946 prm
630 1881 800 1929 cett-ris
821 1879 1041 1931 astrictus
1075 1878 1408 1927 vehementiori
1441 1877 1753 1942 philosophias
1776 1892 1950 1936 morsu,
1970 1878 2051 1941 qui
2074 1878 2282 1928 omnium
2315 1887 2389 1927 est

174 1960 461 2023 scutimus,
482 1968 531 2011 et
553 1960 651 2010 sive
675 1976 755 2010 cor
772 1960 873 2011 sive
886 1960 1098 2009 animum
1121 1958 1220 2007 sive
1246 1959 1674 2022 quomodocunque
1693 1958 1745 2006 id
1767 1957 2104 2023 sppellendum
2121 1959 2184 2008 sit
2199 1958 2390 2009 saucius

178 2042 454 2106 cupiditate
477 2041 522 2088 in
551 2039 855 2105 philosophia
878 2055 1162 2098 sermonum,
1184 2038 1267 2104 qui
1289 2040 1458 2097 acrius,
1481 2054 1621 2103 quem
1643 2039 1821 2104 vipera,
1841 2041 2057 2089 mordent
2068 2047 2119 2089 et
2131 2048 2386 2105 occupant,

178 2122 221 2172 si
246 2122 441 2186 qusndo
462 2122 704 2185 attigerint
718 2120 982 2185 juvenilem
1001 2119 1227 2177 animum,
1250 2119 1334 2184 qui
1356 2135 1452 2168 nou
1475 2119 1665 2183 penitus
1688 2121 1884 2184 ignavus
1899 2121 1978 2177 sit,
1998 2120 2384 2185 compelluntque

182 2203 251 2250 ad
276 2201 503 2266 quicquid
527 2202 717 2251 tandem
752 2202 832 2259 sit,
854 2201 1123 2250 faciendum
1157 2210 1300 2265 atque
1338 2200 1613 2257 dicendum,
1651 2199 1766 2248 nihil
1804 2200 2090 2248 intentatum
2127 2200 2386 2265 relinquere

108 2334 115 2341 ,
181 2284 350 2337 statui,
370 2297 467 2345 quo
506 2282 745 2339 Socratem
779 2282 841 2329 ad
863 2280 1144 2344 explendam
1167 2281 1290 2328 hanc
1310 2279 1436 2328 sitim
1474 2279 1682 2343 mihique
1702 2278 2141 2342 conjunctissimum
2161 2281 2383 2331 facerem.

180 2360 302 2410 Non
325 2361 530 2411 dicerem
551 2376 607 2409 ea
630 2376 736 2425 qum
772 2361 984 2410 dicturus
1020 2376 1141 2416 sum,
1163 2359 1252 2407 nisi
1285 2360 1416 2423 apud
1437 2374 1525 2408 eos
1559 2358 1787 2408 convivas
1809 2358 2039 2422 loquerer,
2059 2374 2180 2422 quos
2200 2375 2384 2423 semper

179 2442 322 2508 quasi
347 2457 519 2491 vesano
555 2441 761 2506 quodam
788 2440 1097 2507 philosophiae
1134 2440 1287 2489 furore
1308 2445 1548 2504 correptos
1579 2438 1955 2503 bacchantesque
1977 2439 2205 2504 perspexi,
2241 2439 2381 2490 Pim-

181 2523 317 2579 dros‚
340 2520 637 2586 Agathones,
674 2520 1029 2587 Eryxirnuchos,
1068 2520 1343 2583 Pausanias,
1378 2520 1718 2578 Aristodemus,
1756 2517 2114 2584 Aristophanes,
2142 2521 2384 2571 Socratem

176 2602 392 2666 denique
426 2603 600 2667 ipsum,
635 2608 687 2651 et
721 2608 933 2651 ceteros:
968 2600 1071 2649 haec
1109 2600 1235 2648 enim
1274 2599 1389 2647 mihi
1423 2598 1514 2648 nisi
1551 2600 1721 2648 sauciis
1750 2600 2013 2665 eodemque
2035 2602 2177 2651 modo
2198 2602 2382 2653 affectis

176 2681 415 2732 narranda
430 2698 527 2730 non
549 2689 739 2731 essent:
775 2697 917 2746 quare
941 2696 1023 2728 vos
1045 2681 1292 2729 audientes
1315 2681 1431 2729 mihi
1455 2680 1639 2729 reniam
1658 2679 1832 2729 dabitis
1853 2697 1937 2745 pro
1960 2681 2051 2739 bis,
2073 2698 2180 2747 qnae
2213 2690 2327 2733 tunc
2349 2699 2382 2733 a

176 2779 261 2826 ¹me
300 2762 425 2813 facts
445 2771 497 2811 et
529 2777 654 2810 nunc
691 2762 820 2810 dicta
853 2759 1046 2811 fuerim.
1075 2761 1238 2812 famuli
1274 2768 1451 2826 autem,
1485 2770 1536 2810 et
1566 2761 1606 2811 si
1637 2762 1744 2827 quis
1775 2763 1896 2811 slius
1927 2763 2051 2812 edsit
2082 2764 2304 2828 profanus
2331 2772 2383 2814 et

178 2843 398 2908 agrestis,
420 2858 554 2891 aures
576 2843 836 2891 obstruant·
885 2840 1133 2891 Exstincto
1147 2840 1323 2908 lychno
1342 2841 1622 2906 famulisque
1632 2842 1903 2891 absentibus
1924 2841 2075 2892 visum
2097 2844 2230 2908 mihi,
2244 2862 2273 2893 o
2298 2846 2381 2896 viri

175 2923 412 2981 convivae,
437 2924 562 2973 hauri
584 2923 785 2987 emplius
806 2923 1195 2972 dissimulandum
1213 2922 1639 2986 differendamque,
1656 2923 1738 2970 scd
1755 2923 1977 2986 ingenue,
1995 2925 2122 2988 quod
2136 2926 2375 2984 sentirem,

177 3003 506 3068 aperiendum.
523 3003 678 3067 Tetigi
689 3005 849 3067 itsque
859 3003 1195 3065 illum,dicens,
1206 3003 1438 3060 Socrates,
1451 3002 1654 3049 dormis?
1676 3003 1762 3052 So.
1784 3002 2026 3052 Nondum.
2049 3004 2177 3055 Aac·
2195 3005 2379 3065 Sci-ne,

177 3084 299 3148 quid
317 3083 545 3133 hactenus
562 3083 676 3131 mihi
692 3082 839 3131 visum
853 3082 1028 3131 fuerit?
1061 3082 1149 3132 So.
1173 3081 1282 3139 Qus
1297 3081 1358 3129 de
1374 3097 1445 3139 re,
1465 3087 1517 3130 et
1532 3080 1645 3145 quid
1662 3081 1828 3146 rogus?
1862 3082 1995 3133 Ate.
2014 3081 2090 3130 Tu
2112 3083 2226 3132 mihi
2246 3084 2375 3135 solus

175 3171 363 3212 amator
384 3178 459 3210 me
476 3161 651 3226 dignus
666 3161 901 3210 exstitisse
927 3160 1117 3219 videris,
1138 3160 1446 3210 verecundior
1467 3167 1623 3209 tamen
1645 3160 1697 3209 in
1719 3176 1876 3211 amore
1899 3160 2058 3212 fuisse.
2120 3162 2379 3229 Equidem,

176 3259 291 3293 cum
323 3242 392 3290 ita
414 3258 463 3290 se
503 3257 576 3289 res
597 3242 770 3290 hebeat
789 3257 976 3306 egoque
1000 3240 1107 3289 telis
1138 3239 1246 3299 sim,
1279 3240 1475 3290 stultum
1496 3255 1598 3290 esse
1634 3241 1871 3298 ducerem,
1894 3242 1983 3291 nisi
1999 3242 2055 3291 in
2078 3244 2168 3293 boc
2189 3260 2380 3310 quoque

174 3323 264 3373 tibi
292 3321 575 3387 gratificarer
592 3331 641 3370 et
673 3321 723 3370 in
745 3322 913 3371 ceteris
934 3321 1169 3380 omnibus,
1188 3321 1287 3370 sive
1320 3321 1437 3370 meis
1470 3321 1626 3379 rebus,
1657 3321 1758 3371 sive
1776 3321 1940 3372 amicis
1955 3322 2188 3388 indigeas.
2252 3325 2386 3375 mihi

177 3403 376 3467 quidem
397 3402 515 3451 nihil
541 3411 616 3451 est
637 3401 892 3468 antiquius,
914 3417 1055 3467 quam
1080 3409 1132 3450 ut
1152 3402 1359 3466 optimus
1384 3402 1450 3449 vir
1473 3402 1687 3451 evadam.
1754 3402 1834 3450 Ad
1857 3403 1948 3452 hoc
1978 3417 2117 3452 nemo
2138 3420 2214 3454 me
2234 3406 2383 3471 magis

177 3499 325 3547 quam
346 3492 397 3532 tu
412 3483 579 3547 juvare
599 3491 772 3547 potest.
807 3499 899 3547 ego
921 3491 1078 3531 eutem
1102 3491 1235 3530 tanto
1258 3482 1356 3530 viro
1379 3498 1476 3530 non
1499 3481 1749 3532 obsecutus
1774 3482 2091 3532 vehementius
2110 3485 2380 3550 sapientum

176 3564 529 3629 increpationes
575 3579 771 3626 vererer,
816 3579 956 3627 quam
998 3564 1249 3612 obsecutus
1284 3562 1590 3627 insipientum
1630 3564 1787 3612 verba.
1852 3563 1975 3621 Qum
2012 3580 2119 3614 cum
2154 3565 2380 3626 audisset,

177 3646 321 3693 solim
344 3644 493 3693 ironia
511 3644 810 3694 dissimulans
830 3645 901 3692 ita
923 3644 1198 3710 respondit:
1226 3644 1270 3692 Ο
1292 3643 1444 3693 amice
1468 3643 1753 3702 Alcibiades,
1771 3644 1941 3694 videris
1956 3662 2113 3697 revers
2125 3661 2221 3696 non
2244 3646 2379 3711 igna-

179 3742 270 3775 vus
293 3724 494 3786 vilisque
517 3741 637 3787 esse,
675 3724 714 3771 si
734 3740 840 3774 vera
862 3732 990 3781 sunt,
1023 3740 1130 3789 qum
1165 3725 1227 3773 de
1260 3741 1334 3773 me
1366 3724 1525 3783 refers,
1557 3733 1608 3774 et
1639 3725 1761 3774 inest
1791 3726 1903 3775 mihi
1937 3726 2007 3774 vis
2039 3727 2276 3791 quoedaru,
2298 3742 2381 3790 per

178 3821 325 3871 quam
349 3804 451 3869 ipse
474 3803 636 3851 melior
657 3803 777 3852 effici
800 3805 967 3868 possis,
988 3812 1039 3852 et
1061 3805 1220 3852 miram
1253 3805 1302 3853 in
1328 3822 1402 3854 me
1425 3805 1820 3870 pulchritudinem
1842 3806 2095 3870 conspicis,
2119 3813 2199 3855 tus
2231 3805 2379 3855 forma

180 3886 326 3950 longe
348 3883 739 3952 praestsntiorem.
806 3884 861 3932 Si
881 3885 972 3932 ista
994 3899 1302 3949 cognoscens,
1324 3887 1667 3935 communicare
1689 3902 1871 3934 mecum
1893 3896 2088 3951 exoptes
2105 3894 2154 3937 et
2172 3887 2376 3952 pulchri-

181 3963 397 4013 tudinem
420 3962 772 4027 pulchritudine
793 3971 1097 4026 commuture,
1115 3971 1339 4028 tanquam
1361 3965 1611 4012 soenerator
1643 3965 1791 4013 multo
1816 3966 2082 4032 plusquam
2105 3984 2195 4034 ego
2217 3985 2376 4033 repot-

183 4052 281 4094 tsre
304 4044 569 4094 contendis.
612 4058 719 4092 nem
744 4059 829 4108 pro
862 4043 1092 4109 opinione
1130 4043 1371 4093 veritatem
1407 4045 1705 4110 pulchrorum
1741 4046 1888 4111 [219]
1925 4047 2089 4097 lucrari
2121 4050 2304 4099 conaris
2324 4057 2375 4098 et

183 4138 346 4173 aurum
370 4140 456 4188 pro
477 4123 743 4173 aurichalco
781 4126 1002 4190 recipere.
1069 4126 1188 4189 Sed,
1210 4141 1240 4173 ο
1262 4126 1417 4184 beate,
1454 4126 1730 4191 diligentius
1762 4129 2096 4187 animadverte,
2117 4146 2177 4178 ue
2201 4138 2247 4179 te
2269 4144 2374 4182 mea

181 4205 394 4254 conditio
415 4205 578 4263 lnteat,
596 4221 705 4254 cum
729 4206 902 4255 nullius
923 4207 1011 4254 sim
1033 4206 1189 4271 pretii.
1253 4206 1390 4256 Tunc
1410 4222 1526 4256 sane
1550 4207 1717 4257 mentis
1739 4208 1904 4258 oculus
1924 4218 2060 4258 acute
2083 4208 2250 4270 incipit
2269 4223 2371 4256 cer·

184 4300 314 4345 nere,
350 4302 457 4334 cum
495 4285 694 4349 primum
733 4288 941 4352 corporis
981 4287 1146 4337 oculus
1185 4288 1483 4339 deflorescit:
1521 4297 1574 4337 tu
1596 4306 1704 4339 vero
1737 4290 1797 4339 sb
1819 4290 1909 4338 hec
1948 4295 2085 4335 aetste
2118 4301 2169 4333 es
2189 4286 2370 4350 procui.

182 4365 314 4418 Ate.
349 4367 466 4416 Mea
486 4366 678 4432 quidem
703 4366 813 4416 talia
832 4375 959 4425 sunt,
982 4367 1140 4432 qualia
1161 4368 1278 4418 dixi.
1309 4386 1466 4436 neque
1487 4371 1614 4420 enim
1646 4371 1700 4419 iu
1720 4385 1802 4418 ore
1823 4383 1987 4429 unum,
2009 4366 2058 4414 in
2076 4366 2218 4417 corde
2239 4366 2371 4418 aliud

181 4445 350 4498 habeo.
386 4456 439 4496 tn
461 4456 618 4497 sutem
652 4447 722 4498 its
753 4447 978 4508 delibera,
1013 4457 1066 4499 ut
1091 4457 1142 4499 et
1173 4449 1259 4500 tibi
1296 4459 1347 4501 et
1377 4451 1493 4500 mihi
1530 4450 1696 4502 melius
1730 4449 1828 4499 t'ore
1849 4462 2032 4501 censes.
2093 4445 2180 4497 80.
2213 4445 2369 4498 Probe
