2917 4975
175 475 311 556 149]
1033 475 1556 542 THEAETETUS.
2247 487 2370 545 235

168 631 350 699 ignorat
372 637 651 701 scientism3
683 647 735 691 et
769 636 908 687 aliam
932 638 1146 703 quamvis
1180 645 1344 689 artem.
1408 639 1542 688 Tua.
1577 640 1657 690 Sic
1682 648 1770 691 est.
1837 643 1926 692 So.
1961 642 2181 692 Absuxla
2204 644 2368 713 itaque

162 718 404 781 responsio
425 727 516 778 est,
538 718 578 768 si
607 718 730 784 quis,
751 720 1060 784 interrogatus
1078 719 1195 784 quid
1232 720 1433 770 scientia
1466 721 1547 780 sit,
1568 716 1680 771 artis
1717 722 1921 787 alicujus
1960 739 2133 773 nomen
2166 740 2365 786 respon-

164 795 285 845 deat.
315 798 453 863 cnjus
485 798 612 850 enim
646 800 844 850 scientia
880 807 970 857 est,
1003 815 1110 848 cum
1150 815 1248 849 non
1288 801 1350 850 de
1386 802 1478 851 hoc
1516 810 1723 867 rogetur,
1763 802 1853 852 iste
1886 805 2166 868 respondet.
2225 804 2268 852 T
2269 819 2360 853 nn.

164 874 373 927 Videtur.
437 880 527 930 80.
560 881 812 939 Praeterea,
834 896 940 929 cum
963 880 1104 929 liceat
1124 879 1403 945 simpliciter
1421 897 1479 931 ae
1501 882 1707 933 breviter
1727 884 2031 949 respondere,
2055 900 2141 950 per
2162 886 2366 933 immen-

165 972 262 1006 sum
281 959 669 1027 circumagatur.
702 961 1097 1027 quemadmodum
1119 961 1169 1010 in
1192 963 1454 1027 quaestione
1489 962 1549 1012 de
1572 963 1693 1028 luto,
1713 964 1817 1014 leve
1837 966 2067 1030 quiddam
2090 973 2140 1014 et
2160 963 2363 1028 simplex

162 1037 313 1088 inferri
331 1049 509 1105 potest,
529 1043 658 1107 quod
681 1049 803 1091 terra
817 1042 1002 1090 humori
1022 1041 1279 1091 commixta
1300 1042 1453 1091 lutum
1477 1050 1566 1092 est.
1598 1043 1737 1108 cujus
1758 1053 1917 1094 autem
1950 1046 2011 1094 sit
2043 1046 2217 1107 lutum,
2241 1059 2363 1108 pra>-

162 1121 519 1174 termittendum.
584 1124 716 1173 Tru.
749 1122 910 1173 Pacile
946 1138 1142 1181 nunc,o
1177 1123 1415 1184 Socrates,
1452 1123 1524 1171 ita
1557 1124 1763 1176 videtur.
1797 1124 1970 1174 videris
2004 1126 2128 1175 enim
2173 1133 2362 1189 petere,

160 1201 280 1264 quod
301 1217 453 1266 nuper
474 1203 591 1253 mibi
619 1212 671 1253 et
701 1203 886 1253 Socrati
907 1203 1039 1259 huic,
1060 1202 1152 1251 tibi
1179 1202 1228 1250 in
1268 1203 1462 1251 nomine
1499 1203 1660 1268 simili,
1683 1205 2036 1268 disputantibus
2071 1206 2120 1254 in
2151 1212 2360 1253 mentem

155 1282 293 1333 venit.
357 1283 447 1335 So.
482 1284 614 1343 Quid
648 1284 800 1347 istud,
834 1299 865 1332 o
895 1282 1176 1332 'Riectetei
1240 1283 1376 1333 Tne.
1405 1282 1688 1331 'Theodorus
1729 1284 1806 1332 hic
1855 1284 1918 1333 de
1956 1283 2130 1332 viribus
2173 1284 2364 1347 scripsit

149 1356 501 1426 magnitudinisv
520 1364 764 1429 tripedalis
797 1372 849 1412 et
882 1354 1299 1428 quinquepedalis,
1323 1377 1432 1427 qum
1454 1363 1761 1428 longitudine
1781 1378 1880 1411 non
1904 1371 2017 1410 sunt
2039 1363 2201 1429 pedali
2220 1378 2357 1426 mag·

152 1430 352 1492 titudini
372 1438 784 1494 commensuratus.
813 1443 1080 1507 eodemque
1102 1444 1246 1491 modo
1269 1442 1536 1491 discurrens
1568 1452 1620 1492 et
1653 1443 1854 1492 eliciens
1890 1442 2078 1505 singu-la
2112 1457 2261 1504 usque
2299 1443 2362 1489 ad

150 1524 523 1588 magnitudinem
558 1532 741 1587 septem
764 1530 815 1572 et
836 1524 1003 1572 decem
1027 1523 1224 1586 pedum,
1246 1522 1298 1571 in
1320 1538 1380 1571 ea
1400 1523 1594 1572 tandem
1618 1521 1851 1572 constitit.
1914 1521 2070 1570 Nobis
2105 1521 2249 1585 igitur
2269 1521 2365 1569 tale

149 1601 193 1652 id
214 1603 270 1651 in
293 1611 504 1652 mentem
527 1604 693 1653 venitz
731 1610 981 1670 postquam
1019 1603 1218 1651 infinitae
1237 1602 1358 1652 vires
1394 1604 1657 1652 secundnm
1682 1602 2034 1651 multitudinem
2057 1609 2362 1660 emens-runt,

148 1684 421 1733 conandum
445 1699 525 1734 eas
546 1684 595 1732 in
629 1700 777 1733 unum
815 1684 1231 1749 comprehendere,
1253 1698 1350 1749 quo
1373 1700 1538 1733 omnes
1560 1684 1939 1734 denominemus.
2007 1683 2094 1732 80.
2129 1680 2260 1730 Num
2284 1681 2359 1729 iu·

149 1773 341 1813 ventum
375 1765 474 1813 tale
506 1765 733 1830 quiddam
770 1766 881 1814 est?
945 1765 1077 1813 Τιιιι.
1122 1764 1251 1812 Mihi
1290 1764 1485 1830 quidem
1522 1766 1725 1814 videtur.
1759 1764 2007 1815 considera
2049 1771 2100 1812 tu
2147 1778 2360 1827 quoque.

152 1844 231 1894 80.
258 1843 379 1894 -Dic,
447 1844 578 1895 Tun.
610 1845 872 1896 Numerum
896 1861 1081 1895 omnem
1105 1845 1318 1895 bifariam
1341 1846 1605 1896 divisimus.
1671 1842 1850 1903 Unum,
1882 1844 1966 1910 qui
1988 1845 2139 1908 possit
2158 1843 2355 1909 equalis

154 1923 390 1988 equaliter
400 1924 525 1984 fieri,
548 1941 688 1990 quem
712 1927 762 1975 in
782 1927 934 1991 figura
958 1933 1202 1991 tetragono
1216 1928 1610 1992 comparavimus,
1633 1926 2056 1993 quadrangularem
2079 1933 2130 1974 et
2154 1925 2353 1989 aequila-

153 2000 291 2053 tc'rum
313 2005 630 2071 appellantes.
696 2006 785 2056 80.
819 2007 993 2057 Probe.
1056 2006 1188 2055 Tun.
1220 2007 1437 2056 Alterum
1461 2008 1544 2072 qui
1569 2009 1754 2057 medius
1773 2006 1934 2071 bujus,
1957 2014 2010 2054 ut
2035 2006 2122 2054 tria
2143 2014 2192 2054 et
2212 2006 2354 2069 quin&
2459 2056 2466 2057 ff

155 2096 240 2146 que
266 2085 417 2151 [148]
451 2093 502 2136 et
523 2087 675 2151 omnis
698 2102 936 2152 numerus,
956 2087 1040 2152 qui
1062 2087 1229 2151 nequit
1258 2088 1454 2152 aeqnalis
1492 2087 1738 2153 equaliter
1774 2086 1896 2145 fieri,
1917 2087 2000 2135 sed
2025 2086 2097 2135 vel
2140 2085 2249 2149 plus
2269 2100 2355 2149 per

154 2163 315 2223 minus,
337 2166 412 2215 vel
434 2167 589 2216 minor
609 2167 784 2232 pluries
801 2168 871 2227 tit,
892 2168 1142 2233 majusque
1164 2175 1214 2216 et
1234 2168 1389 2216 minua
1409 2169 1568 2232 ipsum
1592 2167 1717 2217 latus
1738 2182 1924 2230 semper
1935 2166 2169 2222 continet,
2190 2165 2354 2228 figuras

154 2242 288 2293 dtera
308 2255 440 2310 parte
462 2248 665 2313 longiori
685 2248 1081 2312 comparavimus,
1095 2256 1147 2296 et
1166 2263 1413 2296 numerum
1435 2249 1583 2296 altera
1617 2254 1752 2311 parte
1775 2245 2036 2308 longiorem
2062 2245 2354 2292 vocavimus.

153 2321 232 2372 80-
261 2324 481 2392 Egregie.
511 2328 626 2393 quid
648 2337 749 2376 tum
774 2328 974 2393 postea?
1038 2327 1173 2375 Tnz.
1204 2327 1387 2376 Omnes
1408 2325 1578 2384 lineas,
1599 2341 1708 2390 qum
1730 2325 2060 2389 equilaterum
2083 2329 2135 2371 et
2155 2323 2353 2386 planum

150 2417 380 2455 numerum
398 2410 659 2474 quadrant,
683 2408 1028 2473 longitudinem
1049 2406 1382 2467 definivimus3
1416 2422 1526 2471 qum
1552 2415 1711 2454 autem
1752 2404 1898 2452 altera
1921 2410 2053 2467 parte
2071 2402 2355 2466 longiorem3

150 2484 278 2544 vires,
308 2496 539 2555 tanquam
569 2490 868 2554 longitudine
895 2490 991 2538 illis
1020 2503 1321 2553 nequqquam
1357 2486 1832 2552 commensurabiles:
1867 2483 2023 2549 planis
2044 2491 2223 2548 autem,
2243 2499 2353 2549 qum

150 2578 351 2629 possunt.
384 2578 443 2620 et
462 2571 587 2621 circa
607 2570 762 2620 solida
784 2570 915 2620 aliud
938 2569 1168 2634 quiddam
1190 2567 1485 2634 hujusmodi.
1551 2567 1639 2616 80.
1671 2558 1871 2632 Optime
1892 2566 2125 2623 omnium,
2147 2581 2178 2613 o
2200 2565 2354 2630 pueri.

152 2645 298 2703 Quare
315 2650 597 2701 Theodorus
622 2652 986 2717 haudquaquam
1003 2650 1110 2700 salsi
1126 2648 1382 2698 testimonii
1398 2664 1505 2698 reus
1515 2648 1618 2698 fore
1636 2645 1840 2698 videtur.
1904 2647 2039 2696 Τιιιι.
2075 2646 2348 2708 Enimvero,

151 2742 178 2774 ο
198 2728 428 2795 Socrates,
440 2732 570 2796 quod
593 2733 654 2781 de
676 2732 875 2781 seientia
890 2731 1080 2797 quaeris,
1101 2745 1198 2780 non
1222 2730 1307 2789 ita,
1331 2738 1384 2779 ut
1404 2731 1468 2779 de
1489 2729 1789 2795 longitudine
1812 2737 1863 2777 et
1896 2727 2127 2793 potentia,
2150 2715 2348 2790 respon'·

148 2805 249 2857 dere
283 2811 441 2869 velem
478 2827 763 2877 quamquam
797 2811 1071 2877 hujusmodi
1101 2812 1331 2886 quiddam
1362 2811 1634 2875 perquirere
1672 2809 1790 2858 mihi
1827 2809 2022 2857 videris.
2058 2823 2157 2871 quo
2195 2806 2268 2870 fit,
2290 2814 2346 2855 ut

150 2890 338 2939 mendax
358 2891 639 2941 Theodorus
661 2893 861 2942 vicissim
885 2900 1127 2957 appareat.
1192 2893 1276 2941 So.
1308 2891 1442 2950 Quid
1467 2891 1608 2939 vero?
1643 2891 1682 2937 si
1713 2897 1760 2937 te
1782 2904 1812 2936 a
1846 2887 2064 2938 currendi
2095 2885 2347 2934 velocitate

149 2965 391 3030 laudasset,
415 2972 598 3022 addens
619 2974 798 3022 nullum
822 2989 881 3021 ex
904 2972 1061 3037 pueris
1083 2970 1417 3036 promptiorem
1441 2985 1579 3019 cursu
1600 2969 1777 3017 vidisse
1797 2984 1813 3026 ;
1846 2967 2022 3018 deinde
2044 2965 2271 3013 currendo
2293 2972 2346 3012 et

149 3046 205 3095 ab
222 3051 383 3100 adulto
406 3059 458 3100 et
478 3051 717 3101 celerrimo
740 3052 947 3117 quodam
970 3050 1204 3100 vincaris:
1239 3064 1353 3097 num
1377 3054 1569 3113 putares
1590 3048 1749 3095 minus
1770 3060 1879 3093 eum
1902 3053 1950 3092 te
1968 3059 2077 3092 vere
2093 3043 2344 3091 laudasse?

149 3125 271 3180 1⁸¹2.
302 3131 642 3197 Nequaquam.
707 3132 796 3181 80.
830 3129 1087 3179 scientiam
1110 3143 1239 3185 vero,
1261 3136 1315 3176 ut
1332 3126 1478 3191 paulo
1500 3133 1613 3174 ante
1634 3125 1873 3182 dicebam,
1891 3126 1999 3173 ‘leve
2019 3122 2247 3188 quiddam
2267 3122 2346 3180 in-

147 3215 301 3272 ventu,
320 3228 383 3262 an
409 3227 550 3276 grave
570 3210 730 3273 potius
752 3223 1115 3274 supremumque
1136 3208 1310 3256 ducis?
1375 3206 1508 3256 Tne.
1545 3206 1638 3255 Per
1656 3205 1846 3262 Jwem,
1871 3218 2138 3269 supremum
2161 3200 2343 3272 aliquid

146 3289 348 3340 arbitror.
415 3291 502 3340 So.
536 3289 739 3338 confide
776 3290 950 3337 viribus
987 3290 1080 3338 tuis
1098 3306 1116 3350 3
1167 3287 1580 3352 testimoniumque
1616 3286 1855 3336 Theodori
1911 3302 1972 3335 ne
2011 3281 2342 3350 parvipendas.

144 3369 352 3419 annitere
373 3370 504 3418 omni
527 3369 706 3419 ratione
727 3370 979 3436 studioque
1000 3385 1107 3420 cum
1130 3370 1192 3418 de
1209 3368 1332 3428 aliis,
1356 3377 1455 3418 tum
1476 3369 1618 3418 etiam
1640 3368 1703 3417 de
1725 3368 1829 3432 ipsa
1850 3368 2068 3432 scientia,
2090 3365 2340 3425 rationem,

143 3449 250 3513 quid
274 3450 355 3508 sit,
373 3448 628 3512 assignare.
692 3449 825 3499 Tua.
857 3449 1125 3499 Annitendi
1162 3464 1323 3509 causa,
1344 3467 1375 3498 ο
1414 3450 1649 3508 Socrates,
1673 3449 1774 3498 baec
1809 3464 2017 3514 agemus.
2083 3447 2171 3498 80.
2204 3447 2335 3512 Age,

140 3527 230 3591 jam
252 3531 382 3580 bono
406 3530 565 3579 animo
581 3538 715 3581 esto:
751 3531 938 3597 egregie
960 3547 1165 3597 namque
1187 3533 1330 3581 modo
1357 3531 1637 3596 exposuisti.
1703 3530 1908 3594 conare,
1928 3530 2117 3578 imitans
2138 3544 2332 3594 respon-

146 3607 310 3661 ionem
332 3612 464 3661 illam
478 3614 542 3686 de
561 3613 753 3673 viribus,
773 3614 1170 3679 quemadmodum
1191 3629 1272 3663 eas
1292 3613 1465 3662 multas
1488 3628 1583 3661 una
1603 3611 1766 3677 specie
1785 3612 2238 3677 comprehendebas.
2257 3610 2330 3659 ita

145 3693 419 3743 etscientias
440 3694 612 3744 multas
631 3711 729 3744 una
749 3696 930 3745 ratione
951 3695 1224 3761 complecti.
1285 3694 1421 3744 Tne.
1455 3694 1608 3751 Scito,
1630 3709 1661 3741 0
1691 3694 1926 3755 Socrates,
1945 3707 2022 3741 me
2042 3692 2092 3740 id
2114 3706 2336 3754 stepenu-

140 3783 252 3820 mero
272 3773 575 3824 considerare
596 3784 819 3833 tentasse,
840 3776 955 3825 dum
982 3767 1067 3825 bas'
1095 3782 1199 3823 tuas
1233 3774 1520 3839 quastiones
1535 3772 1821 3823 circumferri
1858 3772 2088 3822 audirem.
2155 3770 2331 3820 Verum

149 3862 288 3915 neque
308 3855 427 3903 mibi
446 3856 553 3919 ipse
573 3857 851 3920 persuadere
873 3871 1081 3921 possum,
1100 3855 1325 3903 idoneum
1348 3855 1410 3902 ad
1432 3854 1526 3902 ista
1547 3869 1622 3902 me
1641 3867 1746 3901 esse
1763 3853 1933 3901 natisve
1962 3853 2154 3909 babere,
2175 3867 2334 3917 neque

149 3927 278 3980 alium
299 3936 485 3994 audire,
507 3943 562 3984 ut
580 3919 635 3983 tu
655 3936 875 4002 precipis
909 3936 1262 4001 disputantem:
1297 3949 1454 3998 neque
1487 3943 1647 3984 tamen
1676 3933 1738 3982 ab
1759 3932 2069 3996 inquisitione
2089 3932 2332 3983 desistere.

149 4008 225 4056 So·
255 4012 468 4076 vexaris,
491 4033 521 4065 o
543 4018 696 4066 amice
713 4017 975 4076 Tbeaetete,
996 4016 1130 4081 quasi
1152 4029 1302 4081 prope
1318 4014 1421 4078 jam
1443 4014 1705 4078 parturiens
1718 4029 1777 4061 ex
1801 4027 1860 4062 eo
1875 4013 2005 4076 quod
2025 4028 2121 4060 non
2139 4029 2333 4071 vacuus,

143 4096 216 4144 'ed
251 4102 466 4163 gravidus
504 4114 572 4149 es.
635 4099 767 4151 Tua.
799 4098 992 4163 Ignoto,
1031 4113 1063 4147 0
1098 4098 1314 4146 Socrates
1338 4114 1349 4143 ι
1384 4095 1500 4159 qnid
1538 4102 1698 4144 autem
1737 4109 1903 4159 passus
1938 4109 2060 4152 sum,
2102 4095 2330 4158 exprimo.

151 4173 224 4226 So.
253 4180 298 4229 Ο
333 4181 553 4239 ridicule,
589 4180 737 4246 [uo]
772 4179 980 4230 audistin
1018 4195 1122 4228 esse
1160 4194 1237 4228 me
1274 4177 1424 4226 filium
1478 4176 1744 4226 obstetricis
1794 4189 2035 4241 generoso
2071 4175 2328 4221 admodum

150 4258 340 4325 ⁸*arisque
378 4269 430 4312 et
471 4270 634 4323 torvas,
665 4261 991 4311 Phoenaretm?
1055 4260 1185 4310 Tua.
1221 4258 1406 4308 Audivi
1443 4258 1683 4323 equidem.
1747 4257 1834 4304 So.
1868 4253 1998 4302 Num
2034 4253 2163 4314 quod
2195 4259 2246 4296 et
2275 4251 2330 4294 ἰιι

150 4338 297 4390 endem
317 4351 415 4391 arte
437 4359 591 4392 versor
609 4341 818 4392 audisti?
881 4341 1016 4392 Tne.
1050 4341 1382 4407 Nequaquam.
1449 4340 1535 4390 80.
1567 4339 1699 4388 Scito
1720 4337 1790 4384 ita
1802 4350 1904 4382 esse
1925 4349 1938 4379 ε
1975 4343 2064 4375 nec
2081 4341 2156 4373 me
2172 4335 2329 4371 umen

151 4429 287 4469 emm
308 4423 411 4473 aliia
434 4439 642 4474 accuses.
709 4423 872 4471 Latuit
887 4423 1013 4471 enim
1036 4424 1266 4471 ltacteaus
1287 4435 1471 4483 omnes,
1491 4420 1622 4484 quod
1645 4419 1736 4464 bac
1758 4422 1858 4462 arte
1882 4407 2104 4473 praediw’
2124 4402 2210 4489 *ξω
2230 4419 2243 4446 ²
2279 4412 2330 4449 ct

153 4501 355 4564 ”nquam
376 4503 544 4570 nescii,
566 4505 655 4555 boc
672 4503 735 4553 de
757 4519 833 4552 me
853 4517 949 4552 non
968 4502 1263 4567 pradicant3
1297 4501 1380 4549 scd
1402 4500 1532 4565 quod
1556 4495 1783 4546 absurdus
1804 4504 1925 4542 sum,
1960 4494 2010 4530 ‘³⁸
2030 4482 2243 4529 ¹¹⁰⁸¹¹¹¹0⁸
2278 4482 2330 4546 in
