2917 4975
498 440 625 500 240
1390 428 1799 493 PLA‘roms
2547 436 2700 516 [15⁷

502 597 670 647 Genus
690 598 848 642 autem
870 587 1090 639 sensibile
1119 586 1278 637 sensui
1299 584 1497 637 cuilibet
1519 594 1593 634 est
1613 594 1868 650 cognatum
1892 604 1905 635 τ
1939 586 2205 652 omnigenis
2228 585 2488 636 visionibus
2516 587 2704 637 colores

500 675 770 740 omnigeni:
804 671 992 721 auribus
1014 669 1179 718 iddem
1201 682 1375 716 vocesz
1410 668 1676 731 ceterisque
1697 668 1910 717 sensibus
1932 667 2025 717 alia
2047 666 2287 717 sensibilia
2309 676 2514 733 cognata
2535 669 2703 717 simili·

499 769 571 809 ter
590 757 780 806 adsunt.
845 752 977 811 Quid
1001 751 1159 813 igitur,
1182 764 1212 797 o
1231 748 1493 806 Theaetete,
1516 764 1669 797 sermo
1689 750 1767 798 hie
1800 749 1860 797 ad
1885 750 2156 812 superiora?
2192 749 2500 799 advertisne?
2565 749 2704 799 Tua.

499 840 644 890 Haud
683 834 904 901 equidem
940 830 1159 887 multum,
1178 845 1208 878 o
1248 829 1483 878 Socrates.
1548 830 1634 878 So.
1667 829 1866 894 Aspice,
1883 838 2040 878 utrum
2075 830 2310 894 ejusmodi
2343 844 2494 878 sermo
2530 830 2599 878 sic
2637 830 2702 878 ad

500 922 675 971 exitum
699 917 997 982 perducatur.
1061 911 1188 960 Illud
1212 911 1338 959 enim
1360 911 1449 959 sibi
1477 909 1606 958 vult:
1641 912 1800 958 omnia
1821 912 1923 960 lime
1947 911 2186 969 videlieet,
2207 921 2261 959 ut
2280 912 2502 968 diximus,
2516 912 2704 975 agitari,

497 1004 759 1064 horumque
794 994 998 1044 motibus
1034 992 1331 1041 velocitatem
1372 991 1696 1040 tarditate-ruvo
1733 993 1901 1041 inesse.
1967 993 2216 1050 Quatenus
2256 994 2451 1040 tarditas
2487 993 2626 1049 inest,
2651 993 2700 1040 in

499 1082 687 1135 eodem,
707 1085 759 1128 et
776 1077 839 1126 ad
864 1075 1076 1141 proxima
1095 1074 1399 1129 commoveri,
1422 1080 1566 1136 atque
1607 1072 1674 1119 ita
1711 1088 2037 1137 progenerare.
2070 1088 2178 1137 quae
2199 1088 2310 1121 vero
2331 1072 2401 1120 ita
2424 1073 2699 1136 gignuntur,

500 1161 734 1211 velociora
752 1159 978 1207 evadunt.
1012 1155 1225 1204 seruntur
1258 1153 1403 1213 enim,
1424 1161 1476 1202 et
1506 1155 1555 1201 in
1591 1152 1768 1202 latione
1793 1153 1978 1201 illorum
2021 1153 2242 1202 motionis
2279 1163 2447 1202 natura
2467 1154 2702 1204 consistit.

500 1243 623 1294 Cum
643 1240 787 1304 igitur
805 1246 856 1287 et
873 1237 1039 1286 oculus
1058 1243 1108 1284 et
1129 1234 1308 1300 aliquid
1343 1235 1414 1282 illi
1445 1242 1871 1283 commensuratum
1909 1235 2165 1296 cobserent,
2187 1235 2459 1284 albedinem
2494 1236 2701 1299 gignunt

498 1336 780 1387 nasumque
814 1326 1095 1384 cognatum}
1133 1332 1241 1381 quas
1280 1330 1519 1381 uunquam
1550 1323 1662 1364 nata
1695 1316 1911 1372 fuissent,
1948 1317 2062 1363 dum
2103 1316 2290 1365 illorum
2326 1316 2600 1365 alterutrum
2634 1319 2695 1366 ad

495 1405 626 1454 aliud
648 1403 984 1453 adventassetz
1019 1406 1135 1447 tune
1155 1413 1269 1446 sane
1290 1397 1340 1446 in
1369 1397 1529 1445 medio
1566 1397 1726 1454 motis,
1748 1397 1931 1444 visione
1962 1397 2154 1460 quidem
2193 1398 2253 1445 ab
2284 1398 2451 1454 oculis,
2474 1398 2698 1446 albedine

496 1493 655 1535 autem
675 1484 738 1533 ab
759 1498 818 1532 eo
838 1481 968 1548 quod
990 1479 1194 1529 colorem
1218 1485 1453 1535 concreat,
1477 1477 1643 1527 oculus
1665 1477 1847 1526 risione
1867 1477 2094 1542 repletur,
2114 1478 2338 1543 videtque
2369 1485 2420 1527 et
2451 1479 2605 1527 sactus
2625 1487 2698 1527 est

496 1583 594 1617 non
615 1566 760 1623 visus,
782 1565 864 1613 sed
887 1563 1055 1610 videns
1076 1560 1260 1612 oculus.
1292 1560 1421 1623 quod
1455 1574 1565 1608 vero
1596 1559 1801 1609 colorem
1836 1568 2075 1617 concreat,
2098 1559 2318 1608 albedine
2351 1559 2585 1623 repletum
2606 1570 2700 1617 est,

494 1648 767 1710 factumque
786 1652 860 1694 est
879 1658 979 1691 non
998 1642 1188 1698 albedo,
1210 1642 1293 1689 sed
1327 1641 1522 1701 album;
1557 1640 1659 1689 sive
1691 1641 1870 1704 lignum
1902 1655 1984 1688 seu
2026 1639 2146 1704 lapis
2181 1639 2282 1688 sive
2318 1639 2510 1704 quidvis
2546 1641 2696 1699 aliud,

495 1728 623 1793 quod
646 1726 767 1774 forte
788 1724 850 1772 sit
868 1723 1026 1772 colore
1057 1720 1326 1785 hujusmodi
1364 1722 1622 1769 coloratum
1643 1739 1655 1768 ε
1690 1723 1954 1785 eodemque
1976 1730 2117 1785 pacto
2138 1722 2201 1769 de
2221 1721 2342 1779 aliis,
2365 1729 2421 1769 ut
2451 1722 2511 1770 de
2533 1721 2693 1771 calido

493 1816 547 1857 et
577 1808 696 1854 duro
716 1804 975 1869 ceterisque
994 1803 1212 1851 omnibus
1239 1801 1574 1864 judicandum,
1596 1803 1715 1851 nihil
1751 1819 1810 1851 ex
1845 1803 1918 1851 bis
1953 1811 2123 1868 suapte
2158 1802 2307 1867 [15⁷]
2340 1810 2505 1852 natura
2542 1820 2691 1852 unum

492 1886 672 1951 aliquid
695 1901 816 1942 esse,
839 1883 1236 1949 quemadmodum
1264 1883 1313 1931 in
1335 1883 1653 1946 superioribus
1674 1883 2039 1948 disputavimus,
2056 1885 2138 1933 sed
2164 1885 2211 1932 iu
2236 1883 2417 1934 alterno
2437 1899 2687 1948 congressu

493 1966 652 2017 omnia
681 1965 781 2014 fieri
816 1971 868 2014 et
902 1964 1155 2028 omnigena
1178 1971 1369 2027 propter
1390 1974 1586 2012 motum.
1619 1965 1847 2028 quoniam
1870 1972 1963 2013 tam
1997 1981 2145 2029 agens
2164 1980 2305 2029 quam
2337 1965 2522 2029 patiens
2544 1980 2690 2013 unum

492 2047 671 2113 aliquid
689 2062 794 2095 esse
808 2061 896 2111 per
912 2061 981 2102 se,
999 2045 1125 2094 haud
1149 2044 1354 2101 firmiter,
1372 2053 1426 2092 ut
1446 2045 1600 2106 aiunt,
1623 2045 1884 2110 intelligere
1902 2062 2166 2111 possumus.
2212 2046 2384 2110 Neque
2400 2047 2526 2095 enim
2547 2038 2693 2112 agens

491 2136 565 2179 eet
582 2127 763 2193 aliquid
801 2127 927 2192 prius
955 2142 1096 2191 quam
1135 2125 1334 2190 patienti
1365 2126 1725 2190 congrediatur:
1761 2140 1918 2191 neque
1951 2127 2137 2190 patiens
2171 2127 2302 2190 prius
2339 2141 2480 2191 quam
2515 2127 2693 2191 agenti.

493 2220 609 2260 tune
629 2209 873 2258 eohoerens
894 2207 1037 2257 alicui
1060 2207 1132 2255 vel
1158 2222 1302 2270 agens
1324 2205 1400 2254 vel
1423 2206 1609 2270 patiens
1632 2207 1821 2257 emieat.
1889 2207 1960 2255 Ex
1984 2207 2041 2255 iis
2062 2208 2279 2256 omnibus
2300 2208 2528 2272 sequitur,
2561 2209 2690 2273 quod

491 2292 553 2340 ab
573 2290 711 2339 initio
732 2302 923 2355 quoque
943 2287 1169 2344 diximus,
1191 2285 1308 2334 nihil
1343 2301 1446 2335 esse
1486 2301 1632 2334 unum
1659 2288 1919 2337 secundum
1960 2288 2187 2352 seipsum,
2209 2289 2292 2338 sed
2329 2289 2472 2338 alicui
2509 2305 2692 2354 semper

489 2371 624 2421 lieri:
656 2371 813 2436 ipsum
833 2377 991 2418 autem
1012 2384 1116 2418 esse
1136 2368 1348 2432 undique
1370 2366 1728 2431 excipiendum,
1750 2367 1863 2418 lieet
1892 2383 1979 2417 nos
2002 2368 2052 2417 in
2085 2369 2404 2433 superioribus
2437 2378 2692 2419 consuetu-

488 2452 605 2502 dine
634 2451 841 2516 quadam
875 2457 1020 2514 atque
1056 2448 1245 2499 inscitia
1276 2446 1382 2506 ilio,
1424 2447 1609 2498 scilieet
1640 2448 1744 2513 ipso
1777 2464 1896 2506 esse,
1937 2449 2005 2499 uti
2037 2449 2209 2515 saepius
2251 2448 2409 2501 coacti
2451 2451 2690 2501 fuerimus.

487 2531 843 2595 Verumtamen,
861 2537 916 2578 ut
936 2530 1204 2594 sapientum
1225 2545 1376 2578 sermo
1397 2530 1566 2592 dictat,
1587 2529 1719 2578 nullo
1756 2532 1899 2580 modo
1929 2531 2281 2595 praedicandum
2316 2540 2391 2580 est
2410 2533 2592 2598 aliquid
2613 2534 2688 2581 vel

487 2613 710 2676 alicujus,
731 2611 805 2661 vel
834 2611 945 2669 mei,
966 2619 1053 2659 aut
1081 2612 1192 2668 hoe,
1214 2618 1299 2658 aut
1334 2610 1472 2668 illud,
1495 2618 1580 2658 aut
1615 2611 1797 2676 aliquid
1834 2613 1965 2661 aliud
1995 2628 2187 2670 nomen,
2225 2614 2356 2678 quod
2392 2613 2687 2663 existentiam

486 2692 753 2759 significet:
787 2693 873 2740 sed
907 2691 1166 2741 secundum
1199 2698 1414 2739 naturam
1445 2692 1695 2741 enuntiare
1732 2700 1939 2756 oportet,
1961 2694 2090 2757 quod
2128 2703 2346 2758 agantur,
2385 2695 2516 2759 quod
2555 2695 2688 2753 fiant,

485 2774 615 2840 quod
632 2779 1006 2837 commpantur,
1025 2771 1155 2836 quod
1177 2778 1432 2823 mutentur.
1464 2787 1573 2821 nam
1596 2772 1638 2821 si
1658 2772 1767 2837 quis
1784 2773 1964 2838 aliquid
1989 2789 2202 2823 sermone
2224 2776 2481 2825 consistere
2502 2791 2685 2824 asseve-

483 2853 675 2919 raverit,
693 2852 834 2903 t‘aeile
854 2851 1071 2917 redargui
1106 2851 1297 2917 poterit.
1361 2851 1572 2917 Oportet
1606 2859 1765 2902 autem
1799 2861 1851 2902 et
1885 2853 2126 2919 sigillatim
2166 2856 2236 2905 sie
2271 2856 2421 2920 loqui,
2441 2864 2589 2921 atque
2624 2857 2684 2905 de

483 2934 667 2985 coactis
685 2934 737 2983 in
757 2949 905 2982 unum
922 2933 1137 2983 eolleetis
1157 2950 1171 2982 =
1206 2933 1258 2982 in
1274 2949 1370 2999 qua
1392 2934 1677 2984 collectione
1698 2933 1936 2985 hominem
1959 2943 2149 3001 ponunt
2163 2944 2212 2986 et
2231 2937 2437 3002 lapidem
2453 2945 2505 2987 et
2519 2955 2685 2987 unum·

484 3016 713 3081 quodque
751 3015 926 3066 animal
960 3029 1018 3063 ae
1054 3015 1278 3081 speeiem,
1348 3014 1550 3073 Hzecne,
1570 3032 1600 3066 o
1634 3016 1897 3076 Tbeaetete,
1925 3016 2145 3082 jucunda
2180 3017 2268 3067 tibi
2304 3033 2408 3067 esse
2430 3019 2684 3068 videntur?

484 3112 636 3161 eaque
659 3104 881 3162 tanquam
901 3096 989 3146 tibi
1009 3097 1230 3161 placeant
1250 3096 1559 3163 degustabis?
1621 3097 1754 3147 Tne.
1787 3098 1981 3163 Ignoro,
2001 3117 2032 3148 o
2046 3098 2290 3149 Socrates:
2324 3107 2374 3148 et
2391 3100 2454 3149 de
2476 3108 2524 3149 te
2543 3100 2681 3149 etiam

482 3179 694 3242 ambigo,
715 3186 869 3227 utrum
889 3178 983 3228 ista
1006 3185 1229 3244 tanquam
1254 3187 1349 3227 tun
1372 3180 1520 3228 menti
1542 3194 1755 3229 consona
1776 3180 1963 3238 referas,
1985 3195 2048 3228 an
2071 3197 2146 3230 me
2167 3181 2328 3245 potius
2358 3189 2533 3232 tentes.
2597 3183 2682 3232 So.

481 3256 597 3304 Non
620 3259 891 3322 recordaris,
908 3260 1078 3316 amice,
1101 3274 1175 3307 me
1195 3259 1314 3307 nihil
1338 3261 1506 3308 borum
1543 3261 1681 3319 seire,
1704 3261 1916 3325 nihilque
1940 3262 2101 3310 talium
2125 3270 2179 3310 ut
2201 3277 2356 3311 meum
2379 3262 2496 3311 mihi
2519 3263 2680 3312 vendi-

481 3336 622 3385 enre?
655 3352 757 3385 sum
780 3337 908 3386 enim
928 3335 1113 3386 sterilis.
1146 3345 1195 3386 te
1217 3347 1372 3387 autem
1397 3340 1662 3390 obstetricis
1695 3342 1786 3390 ritu
1809 3344 1936 3406 agito
1956 3349 2098 3408 atque
2120 3359 2339 3402 exerceo,
2374 3352 2522 3411 atque
2545 3344 2683 3409 hujus

481 3414 631 3479 gratia
653 3422 701 3464 te
720 3416 933 3473 incanto,
954 3424 1007 3465 et
1024 3417 1114 3465 tibi
1135 3417 1424 3482 singulorum
1446 3421 1713 3484 sapientum
1738 3424 1995 3484 gustandas
2015 3423 2182 3489 epulas
2210 3425 2378 3483 offero,
2401 3427 2556 3475 donec
2578 3442 2682 3475 sen-

481 3496 676 3544 tentiam
699 3503 827 3545 tuam
849 3497 897 3544 in
921 3497 1073 3546 lucem
1095 3498 1310 3547 educam.
1346 3514 1453 3547 eum
1478 3501 1665 3549 demum
1682 3503 1856 3552 educta
1878 3505 2036 3568 merit,
2047 3512 2160 3555 tunc
2171 3507 2370 3570 primum
2386 3507 2683 3564 examinabo,

480 3575 601 3624 sitne
624 3590 745 3625 vana
766 3576 1050 3641 sterilisque,
1072 3593 1133 3626 an
1156 3579 1362 3628 fecunda
1386 3588 1439 3629 et
1468 3580 1639 3630 solida.
1706 3581 1954 3633 Audacter
1989 3587 2133 3650 igitur
2158 3594 2210 3636 et
2246 3595 2534 3645 constanter,
2561 3589 2683 3637 bene

480 3663 623 3721 atque
643 3658 837 3706 viriliter
854 3656 1127 3721 opinionem
1154 3667 1282 3708 tuam
1304 3660 1353 3708 iu
1393 3660 1485 3719 his,
1506 3678 1616 3727 quas
1653 3669 1701 3712 te
1738 3676 1984 3731 rogavero,
2011 3668 2111 3731 jam
2133 3683 2313 3733 prome.
2376 3668 2509 3717 Tua.
2545 3668 2683 3733 Roga

474 3734 637 3801 igitar.
666 3736 752 3787 So.
786 3737 901 3793 Dio,
925 3752 1035 3785 num
1060 3739 1146 3787 tibi
1167 3741 1370 3802 placeat,
1391 3741 1510 3790 nihil
1532 3758 1651 3800 esse,
1674 3746 1759 3794 sed
1777 3745 1881 3795 fieri
1895 3763 2080 3811 semper
2099 3750 2274 3798 bonum
2290 3765 2347 3800 ac
2370 3751 2616 3814 pulchrum
2632 3758 2681 3798 et

475 3817 795 3882 quodeunque
816 3818 961 3882 paulo
994 3827 1107 3868 ante
1126 3819 1543 3871 dinumeravimus.
1607 3824 1740 3877 Tun.
1772 3825 1902 3875 Dum
1926 3834 1974 3877 te
1994 3828 2139 3877 audio
2161 3830 2488 3886 disserentem,
2511 3832 2673 3879 mirum

472 3898 524 3946 iu
547 3897 737 3947 modum
759 3899 1020 3962 probabilia
1034 3908 1085 3949 et
1103 3902 1399 3953 admittenda
1419 3904 1654 3954 videntur.
1690 3906 1774 3958 so.
1799 3905 1878 3957 Ne
1896 3911 2304 3973 proterruittamus
2324 3926 2436 3975 ergo
2457 3927 2566 3975 que
2586 3926 2680 3959 res·

474 3986 593 4029 tant.
661 3978 920 4045 Reliquum
942 3989 1017 4032 est
1036 3983 1183 4046 enlm,
1205 3991 1260 4033 ut
1279 3986 1343 4034 de
1365 3986 1559 4035 somniis
1576 3987 1840 4053 morbisque
1857 4006 1965 4040 eum
1989 3990 2093 4040 aliis
2121 3999 2221 4040 tum
2260 3992 2444 4041 insania
2481 3992 2692 4040 maxime·

471 4059 647 4119 dicam,
660 4068 711 4110 et
724 4061 786 4109 de
799 4075 859 4110 eo
873 4063 1002 4127 quod
1016 4079 1231 4127 perverso
1247 4066 1391 4115 modo
1409 4067 1569 4116 ridere
1586 4068 1660 4117 vel
1680 4069 1841 4120 audire
1855 4071 1930 4120 vel
1940 4072 2076 4122 aliter
2091 4072 2284 4138 oblique
2299 4072 2474 4123 sentire
2491 4072 2677 4123 dieitur.

471 4142 616 4192 Nosti
635 4142 782 4206 enim,
800 4143 849 4191 in
871 4143 946 4192 bis
966 4144 1184 4196 omnibus
1206 4163 1485 4206 sermonem,
1507 4164 1647 4213 quem
1671 4166 1813 4216 supra
1832 4153 2094 4218 retulimus,
2114 4153 2220 4204 sine
2239 4154 2338 4203 ulla
2360 4153 2677 4204 conuoversia

469 4223 723 4288 eoussutari,
759 4239 867 4274 eum
906 4239 1070 4276 sensus
1107 4227 1157 4275 in
1192 4227 1307 4291 ipsis
1345 4244 1534 4292 prorsus
1567 4229 1717 4295 [168]
1749 4233 2068 4297 decipiantur.
2118 4243 2398 4300 tantumque
2437 4236 2590 4296 abest,
2627 4241 2678 4282 ot

469 4307 650 4364 omnia,
670 4321 778 4371 qum
797 4314 1031 4372 apparent
1046 4308 1237 4373 cuique,
1259 4325 1315 4360 ea
1338 4311 1453 4376 sint,
1475 4321 1531 4361 ut
1551 4321 1717 4363 contra
1737 4313 1854 4363 nihil
1877 4330 2056 4372 eorum,
2079 4321 2469 4382 quoejapparent,
2490 4317 2676 4365 existat.

469 4383 604 4434 Tua.
638 4387 768 4435 Vera
788 4403 964 4450 narras,
982 4404 1013 4436 o
1030 4387 1268 4441 Socrates.
1331 4391 1420 4443 So.
1454 4392 1567 4450 Quo
1586 4394 1836 4466 deinceps,
1858 4411 1889 4443 o
1909 4412 2046 4459 puer,
2063 4397 2148 4446 ille
2177 4397 2441 4462 confugiet,
2464 4397 2547 4463 qui
2569 4413 2676 4445 sen-

476 4475 577 4510 sum
617 4465 860 4518 seientiam
898 4469 1163 4532 affirmavit,
1184 4488 1352 4537 quove
1387 4474 1561 4539 cuique
1596 4484 1846 4542 apparent,
1869 4477 2023 4529 eidem
2045 4487 2096 4529 et
2117 4478 2229 4529 talia
2251 4494 2373 4539 esse,
2396 4477 2557 4543 qualia
2577 4477 2675 4527 visa
