2917 4975
492 444 615 507 254
1389 435 1789 498 PLA‘roms
2547 437 2702 518 [1⁸2

497 605 580 672 qui
601 602 743 652 etiam
767 594 1026 649 immobilia
1059 605 1267 645 movent.
1332 595 1404 645 At
1421 595 1461 644 si
1483 596 1637 645 neutri
1653 595 1902 646 verisimile
1924 594 2106 661 aliquid
2127 593 2364 645 adducere
2383 595 2525 644 nobis
2545 610 2700 661 appa·

494 693 651 742 resur,
670 680 857 731 ridiculi
893 677 1092 728 nimium
1128 677 1401 741 evademus,
1422 684 1645 741 putantes
1678 692 1767 726 nos
1784 677 1902 726 viles
1933 677 2245 726 homunculos
2267 691 2487 740 magnum
2508 677 2706 744 aliquid

498 778 682 828 sapere.
713 758 881 828 priscis
898 757 1170 808 autemillis
1190 773 1247 807 ac
1263 758 1374 806 viris
1389 756 1683 822 sapientibus
1704 758 2003 822 derogantes.
2071 757 2197 807 Vide
2210 757 2369 822 igitur,
2381 758 2700 818 o'l'beodore,

498 854 655 892 utrum
678 850 884 906 prestet.
908 854 1076 897 necne,
1099 846 1279 887 tantum
1314 839 1471 887 subire
1503 837 1781 902 periculum.
1843 839 2010 888 Tuto.
2043 836 2194 887 Nullo
2230 839 2373 887 modo
2393 841 2701 890 committen-

499 924 613 972 dum
635 931 728 979 est,
744 940 775 970 o
795 922 1029 981 Socrates,
1050 920 1167 983 quin
1189 928 1491 982 utrorumque
1513 933 1650 967 sensa
1671 918 1788 983 quid
1813 919 1929 976 veri,
1951 919 2065 983 quid
2085 918 2192 967 falsi
2222 920 2447 976 habeant,
2469 921 2701 971 discutia-

496 1024 616 1057 mus.
688 1005 774 1052 80.
807 999 1172 1050 Discutiendum
1194 1006 1267 1047 est
1279 998 1400 1062 jam,
1424 1006 1674 1063 postquam
1693 1006 1745 1046 et
1763 1007 1813 1046 tu
1835 998 1884 1046 id
1907 999 2096 1063 probas.
2162 998 2368 1047 Videtur
2389 1000 2556 1064 utique
2577 1001 2699 1050 milii

497 1082 830 1151 disputationis
851 1081 992 1144 hujus
1014 1080 1298 1145 principium
1320 1095 1348 1127 a
1371 1087 1502 1127 motu
1526 1080 1824 1137 sumendum,
1845 1094 1942 1143 quo
1975 1074 2160 1128 scilieet
2177 1087 2310 1127 motu
2333 1079 2510 1129 moveri
2532 1083 2699 1130 omnia

497 1167 679 1217 dicant.
745 1163 889 1221 Quod
912 1169 1070 1211 autem
1089 1162 1245 1210 dicere
1269 1161 1393 1216 volo,
1415 1161 1467 1209 id
1507 1168 1597 1217 est,
1618 1167 1774 1208 utrum
1793 1159 1998 1224 speciem
2022 1175 2160 1208 unam
2185 1168 2340 1208 motus
2361 1161 2592 1211 inducant
2612 1180 2698 1223 an,

497 1246 893 1314 quemadmodum
917 1242 1030 1291 mibi
1053 1242 1254 1305 videtur,
1278 1242 1462 1306 species
1484 1242 1619 1290 duas.
1682 1240 1856 1305 Neque
1878 1241 1927 1288 id
1951 1247 2107 1290 tamen
2130 1241 2247 1289 mihi
2258 1241 2347 1289 soli
2363 1242 2516 1290 videri
2528 1243 2698 1307 cupio,

497 1329 584 1377 sed
623 1327 709 1374 tibi
742 1340 966 1389 quoque3
999 1331 1054 1371 ut
1088 1323 1261 1388 pariter
1298 1324 1457 1384 ambo,
1493 1321 1724 1386 quidquid
1763 1322 2039 1385 oportuerit.
2078 1322 2327 1385 patiamur.
2394 1321 2492 1370 Dic
2529 1323 2697 1386 igitur,

497 1406 731 1470 Nunquid
755 1405 931 1452 moveri
953 1403 1092 1464 dicis,
1111 1403 1303 1467 quando
1339 1402 1494 1450 locum
1536 1402 1651 1466 quid
1683 1417 1742 1449 ex
1780 1402 1886 1450 loco
1911 1409 2077 1458 mutat,
2099 1402 2172 1449 vel
2196 1401 2245 1449 in
2267 1402 2437 1450 eodem
2460 1404 2693 1452 vertitur?

494 1488 662 1536 Tano.
700 1485 954 1551 Equidem.
1019 1484 1103 1533 So.
1137 1483 1263 1547 Ergo
1287 1498 1379 1531 una
1410 1484 1517 1530 lnaec
1555 1484 1739 1546 species
1761 1489 1883 1530 esto.
1954 1480 2027 1528 At
2048 1497 2154 1529 cum
2178 1482 2349 1530 eodem
2370 1482 2420 1529 in
2444 1484 2553 1533 loco
2574 1484 2693 1548 quid

496 1582 774 1632 permanens
796 1565 1015 1627 senescit,
1036 1564 1109 1612 vel
1132 1564 1314 1627 nigrum
1337 1579 1394 1612 ex
1416 1563 1526 1611 albo
1548 1564 1623 1611 vel
1659 1579 1717 1611 ea
1754 1562 1882 1610 molli
1912 1562 2078 1609 durum
2114 1561 2333 1627 efficitur,
2355 1572 2438 1610 aut
2459 1564 2554 1611 alia
2572 1579 2693 1628 qua·

496 1649 605 1699 dam
629 1648 902 1697 alteratione
925 1652 1145 1700 mutatur,
1160 1660 1318 1692 nonne
1340 1644 1534 1692 alteram
1560 1645 1682 1692 hanc
1695 1650 1849 1691 motus
1865 1642 2069 1706 speciem
2090 1643 2254 1690 merito
2273 1644 2691 1705 nuncupabimus?

493 1731 662 1778 Tuto.
698 1728 890 1775 Merito.
955 1726 1040 1773 So.
1076 1724 1148 1771 Ex
1184 1724 1256 1771 his
1284 1726 1597 1771 necessarium
1626 1731 1701 1771 est
1722 1723 1931 1786 geminas
1953 1723 2133 1786 species
2157 1731 2309 1771 motus
2331 1724 2551 1782 existere,
2572 1726 2694 1773 alte·

496 1810 726 1858 rationem
763 1806 943 1855 seilicet
967 1811 1241 1868 motumque
1265 1804 1480 1853 localem.
1547 1803 1712 1852 Turro.
1746 1804 1919 1852 Probe.
1981 1804 2066 1851 So.
2101 1802 2208 1852 Hac
2229 1804 2536 1854 distinctione
2570 1821 2692 1870 pre-

498 1889 657 1945 missa,
681 1889 741 1935 ad
765 1902 865 1941 eos,
888 1885 970 1949 qui
993 1885 1170 1932 moveri
1186 1884 1346 1931 omnia
1368 1883 1554 1944 volunt,
1567 1883 1668 1947 jam
1692 1900 1958 1948 pergamus,
1980 1891 2031 1933 et
2050 1884 2176 1932 bunc
2205 1883 2256 1930 in
2281 1886 2472 1933 modum
2495 1886 2694 1935 interro-

498 1983 691 2034 gemus:
728 1967 897 2016 Utrum
921 1964 1170 2029 quodlibet
1190 1965 1404 2012 fatemini
1431 1972 1633 2027 utroque
1665 1966 1811 2012 modo
1848 1964 2039 2021 moveri,
2062 1965 2306 2012 alteratum
2343 1967 2518 2028 pariter
2549 1975 2692 2031 atque

495 2047 738 2097 delatum?
772 2054 855 2094 aut
874 2044 1053 2108 aliquid
1087 2052 1285 2107 utroque
1316 2042 1475 2099 modo,
1496 2043 1679 2107 aliquid
1703 2044 1882 2092 unico?
1947 2044 2112 2093 Tui-zo.
2145 2044 2380 2109 Equidem
2404 2048 2534 2110 qnod
2557 2062 2684 2096 asse-

496 2145 592 2177 ram
623 2143 721 2176 non
758 2127 928 2174 habeo.
993 2125 1079 2174 So.
1110 2124 1325 2173 Arbitror
1357 2132 1514 2172 tamen
1548 2124 1655 2172 illos
1689 2131 1890 2188 utroque
1921 2127 2065 2173 modo
2087 2126 2312 2174 dicturos.
2380 2125 2635 2192 Alioquin,
2655 2145 2686 2175 0

496 2210 666 2266 amice,
688 2209 864 2272 agitata
885 2207 1020 2255 simul
1044 2213 1096 2255 et
1116 2204 1418 2254 consistentia
1441 2204 1646 2269 sibiipsis
1662 2204 1878 2253 nimirum
1897 2207 2194 2270 apparebunt
2214 2224 2226 2254 z
2249 2222 2339 2255 nec
2353 2205 2501 2271 magis
2515 2208 2688 2257 moveri

497 2290 655 2339 omnia
678 2304 819 2353 qoam
843 2296 965 2336 stare
986 2286 1146 2334 omnia
1165 2285 1331 2335 licebit
1363 2301 1586 2335 asserere.
1648 2285 1816 2336 Tuto,
1852 2286 1981 2335 Vera
2017 2286 2238 2350 loqueris.
2304 2287 2389 2336 So.
2423 2288 2687 2353 Postquam

496 2371 673 2419 moveri
707 2370 809 2434 ipsa
829 2374 1033 2433 oportet,
1056 2368 1316 2416 absentiam
1335 2382 1446 2414 vero
1479 2375 1637 2415 motus
1670 2366 1788 2415 nulli
1821 2375 2107 2430 competere,
2138 2367 2298 2415 omnia
2320 2367 2480 2431 utique
2500 2384 2689 2433 semper

494 2452 626 2501 omni
660 2451 807 2515 [182]
842 2457 973 2498 motu
996 2456 1255 2497 moventur.
1319 2446 1487 2497 Taso.
1519 2446 1796 2497 Necessario
1819 2447 2042 2512 sequitur.
2109 2446 2194 2496 80.
2229 2446 2335 2496 Hoc
2348 2462 2432 2512 age
2447 2464 2506 2497 ex
2522 2464 2686 2499 eorum

495 2533 636 2580 dictis
653 2531 914 2586 considera,
938 2529 1105 2578 caloris
1126 2528 1308 2580 scilicet
1330 2529 1402 2576 vel
1425 2529 1660 2577 albedinis
1682 2529 1754 2577 vel
1790 2527 2046 2592 cujuslibet
2077 2529 2445 2592 generationem.
2508 2529 2687 2581 Nonne

496 2613 697 2660 diximus
721 2625 804 2658 eos
845 2621 1025 2672 putare,
1049 2608 1418 2672 unumquodque
1455 2609 1648 2657 istorum
1684 2609 1792 2657 ferri
1830 2609 1968 2657 simul
2006 2625 2113 2658 cum
2149 2624 2287 2658 sensu
2323 2609 2450 2658 iuter
2468 2626 2616 2675 agens
2637 2619 2687 2661 et

495 2692 714 2756 patiens?
758 2696 810 2737 et
831 2689 1017 2752 patiens
1033 2689 1223 2752 quidem
1245 2689 1464 2736 sensibile
1480 2705 1598 2746 esse,
1621 2704 1718 2737 non
1752 2705 1938 2739 sensum
1958 2705 1974 2750 3
2007 2705 2151 2752 agens
2174 2697 2331 2737 autem
2356 2690 2567 2739 efficiens
2585 2708 2686 2742 esse

494 2771 695 2836 aliquid,
716 2785 811 2817 non
835 2776 990 2817 tamen
1013 2768 1287 2832 qualitatem
1309 2771 1447 2817 esse?
1514 2769 1652 2818 Forte
1674 2768 1876 2833 qualitas
1897 2779 2167 2819 extraneum
2190 2771 2278 2818 tibi
2296 2787 2471 2820 nomen
2486 2772 2684 2830 videtur.

495 2868 650 2916 neque
672 2851 740 2899 sic
761 2850 809 2898 in
833 2866 1003 2914 genere
1024 2849 1203 2898 dictum
1229 2849 1462 2914 percipis:
1501 2849 1550 2897 iu
1583 2851 1798 2915 partibus
1833 2851 1975 2914 igitur
2002 2852 2131 2899 audi.
2194 2851 2360 2916 Agens
2379 2852 2509 2901 enim
2533 2868 2684 2916 neque

493 2934 623 2985 ealor
641 2947 797 2997 neque
817 2933 1006 2988 albedo,
1029 2932 1112 2980 sed
1143 2930 1349 2981 calidum
1384 2931 1543 2995 potius
1577 2931 1847 2996 albumque,
1870 2939 2120 2996 ceteraque
2157 2933 2326 2980 eodem
2359 2941 2521 2995 pacto.
2587 2932 2682 2981 Re·

494 3014 700 3065 cordaris
739 3014 807 3062 ita
842 3029 929 3061 nos
966 3028 1108 3078 supra
1144 3013 1333 3076 dixisse,
1363 3013 1482 3061 nibil
1506 3014 1767 3061 secundum
1791 3013 1995 3077 seipsum
2020 3028 2162 3061 unum
2185 3013 2366 3077 aliquid
2388 3029 2510 3070 esse.
2534 3029 2685 3077 neque

493 3097 683 3160 insuper
704 3111 847 3159 agens
869 3105 952 3143 aut
973 3093 1177 3159 patiens,
1200 3094 1280 3142 sed
1303 3110 1360 3143 ex
1385 3093 1595 3158 utrisque
1615 3094 1816 3143 vicissim
1841 3092 2253 3157 congredientibus
2274 3108 2439 3141 sensus
2468 3101 2520 3141 et
2539 3094 2682 3142 sensi-

493 3177 607 3225 bilia
629 3176 897 3225 emanantia
927 3176 1095 3239 partim
1117 3174 1216 3223 fieri
1251 3174 1409 3239 qualia
1436 3175 1674 3239 quedam,
1695 3178 1861 3238 partim
1883 3189 1993 3221 vero
2028 3174 2233 3222 sentire?
2296 3173 2465 3222 Taso.
2499 3173 2679 3231 Quidni

491 3257 815 3304 meminerim?
881 3256 966 3304 80.
1000 3255 1169 3304 Cetera
1207 3254 1630 3317 praetermittamus,
1671 3256 1799 3305 sicne
1834 3270 1895 3302 an
1935 3254 2071 3303 aliter
2104 3252 2285 3302 dicant.
2317 3252 2370 3301 id
2393 3270 2523 3311 vero,
2544 3254 2678 3318 cujus

492 3335 641 3397 gratia
662 3335 944 3396 disputatur.
961 3333 1234 3397 diligentius
1250 3337 1563 3397 exquiramus.
1632 3336 1907 3391 Moventur,
1931 3342 1985 3382 ut
2005 3333 2182 3394 dicitis,
2213 3334 2465 3398 fluuntque
2486 3335 2678 3382 omnia?

490 3413 687 3460 nonne?
750 3412 916 3460 Tuto-
952 3411 1112 3463 Certe.
1177 3413 1265 3459 So.
1300 3413 1382 3459 An
1422 3428 1520 3460 non
1559 3414 1767 3479 utrisque
1807 3416 1916 3471 illis,
1950 3430 2068 3479 quos
2107 3414 2423 3470 distinximus.
2461 3415 2676 3470 motibus,

490 3491 648 3539 delata
669 3490 805 3537 simul
827 3499 877 3538 et
899 3490 1128 3538 alterata?
1192 3491 1359 3540 Tuto.
1393 3491 1609 3548 Quidni?
1644 3494 1682 3541 si
1707 3496 1846 3543 modo
1865 3496 2069 3558 perfecte
2088 3494 2258 3541 moveri
2282 3494 2365 3542 illa
2387 3510 2581 3543 necesse
2600 3495 2675 3544 sit.

490 3571 576 3620 80.
609 3570 661 3618 8ἰ
698 3570 837 3632 igitur
870 3569 1095 3617 ferrentur
1129 3570 1278 3617 solum
1316 3586 1472 3634 neque
1509 3580 1665 3620 tamen
1701 3575 2022 3630 alternentur,
2049 3589 2289 3638 possemus
2325 3575 2504 3638 dicere,
2523 3575 2676 3639 qualia

487 3651 705 3714 quadam
742 3650 916 3710 fluunt,
937 3664 1045 3712 quas
1084 3650 1310 3699 feruntur.
1344 3667 1404 3698 an
1445 3654 1686 3716 quomodo
1728 3655 1960 3704 dicimus?
2023 3653 2190 3706 Tuae.
2223 3653 2334 3702 Hoc
2370 3664 2530 3717 pacto.
2595 3655 2676 3704 80.

490 3731 729 3787 Quoniam
752 3744 859 3776 vero
882 3744 1038 3791 neque
1073 3728 1123 3776 id
1160 3738 1417 3791 permanet,
1439 3740 1494 3779 ut
1524 3734 1682 3781 album
1715 3734 1849 3796 fluat,
1871 3736 1998 3798 quod
2033 3735 2156 3797 fluit,
2177 3736 2261 3782 sed
2286 3742 2578 3797 permutatur
2595 3734 2673 3792 ita,

489 3817 542 3857 ut
579 3808 719 3871 hujus
753 3809 902 3871 ipsius
939 3808 1001 3856 sit
1031 3810 1184 3856 flrrxus
1206 3811 1454 3868 albedinis,
1477 3821 1526 3860 et
1560 3813 1609 3860 in
1647 3813 1790 3861 alium
1827 3815 2032 3863 colorem
2068 3815 2306 3873 transitus,
2329 3831 2390 3863 ne
2413 3814 2514 3863 ullo
2537 3816 2672 3863 modo

491 3903 763 3956 permanere
783 3890 1072 3952 deprehendi
1097 3891 1279 3954 possit:
1314 3907 1426 3939 num
1452 3908 1699 3956 possumus
1731 3895 1986 3958 aliquando
2007 3895 2210 3944 colorem
2234 3895 2440 3959 aliquem
2471 3909 2676 3960 pronun-

487 3973 604 4019 tiare
627 3970 711 4026 ita,
736 3978 787 4017 ut
808 3978 933 4018 recte
954 3971 1344 4021 denominemus?
1407 3972 1575 4020 Τεηο.
1610 3974 1757 4037 Atqui
1780 3990 1877 4038 quo
1900 3982 2058 4038 pacto,
2089 3991 2119 4022 0
2156 3975 2389 4031 Socrates,
2413 3983 2498 4024 aut
2518 3976 2567 4022 in
2589 3976 2675 4023 Ιιοο

485 4050 640 4101 autin
674 4050 767 4097 alio
789 4049 888 4097 ullo
905 4051 956 4098 id
980 4051 1078 4100 fieri
1102 4060 1276 4116 potest,
1297 4053 1337 4100 si
1361 4054 1572 4118 quidem,
1594 4055 1706 4102 dum
1730 4055 2107 4118 pronuntiamus,
2128 4055 2359 4103 continuo
2380 4054 2675 4119 subterfugit.

493 4139 660 4196 utpote
682 4132 810 4195 quod
835 4146 1019 4193 semper
1039 4132 1181 4180 fluit?
1247 4135 1333 4184 80.
1367 4135 1497 4191 Quid
1522 4151 1657 4198 porro
1679 4136 1741 4183 de
1763 4137 1932 4199 quovis
1949 4151 2087 4183 sensu
2114 4137 2389 4192 dicendum,
2411 4143 2467 4182 ut
2488 4133 2676 4182 videndi

487 4214 563 4263 vel
585 4211 846 4260 audiendi?
881 4212 1093 4275 nunquid
1116 4214 1167 4261 in
1192 4213 1375 4262 visione
1397 4224 1482 4262 aut
1519 4216 1684 4263 auditu
1724 4214 1980 4278 aliquando
2014 4216 2317 4280 permanere?
2382 4214 2552 4264 Tuto.
2580 4212 2674 4261 Mt-

486 4295 613 4342 nime
644 4293 872 4350 omnium,
917 4292 1147 4355 siquidem
1184 4302 1356 4342 cuncta
1389 4306 1652 4343 moventur.
1718 4294 1803 4342 80.
1837 4296 2009 4360 Neque
2043 4296 2188 4360 igitur
2223 4296 2384 4343 videre
2423 4293 2674 4359 quicquam

485 4374 643 4434 potius
664 4390 805 4437 quam
826 4390 920 4422 uon
947 4372 1102 4422 videre
1123 4373 1397 4431 dicendum,
1420 4391 1576 4439 neque
1594 4374 1689 4423 alio
1710 4375 1810 4423 uuo
1845 4391 1986 4424 seusu
2028 4378 2096 4424 uti
2129 4376 2276 4438 magis
2297 4389 2439 4438 quam
2463 4390 2559 4422 non
2591 4374 2676 4431 uti,

483 4466 589 4497 cum
613 4455 772 4502 omnia
809 4454 996 4517 penitus
1034 4462 1413 4505 transmutentur.
1478 4456 1645 4506 'fuam
1681 4454 1792 4504 Non
1828 4466 1971 4506 certe.
2039 4458 2124 4506 So.
2162 4456 2496 4510 Verumtamen
2515 4469 2675 4503 seusus

486 4689 521 4720 ἱ
