2917 4975
216 497 356 576 ιω]
947 499 1346 563 ΡιΑΤοΝιε
1391 502 1729 568 mouns.
2323 457 2399 576 ινι

212 651 339 708 estis.
380 650 657 716 predicere.
722 650 815 703 Nx.
846 654 1142 708 Sententiam
1199 658 1417 723 profecto
1456 662 1676 719 vestram,
1712 676 1743 710 o
1778 659 2063 727 Lydum„
2094 674 2146 720 et
2182 663 2409 732 Helesia,

210 730 372 794 probo,
402 738 454 780 et
475 733 721 784 vobiscum
754 749 851 784 una
882 735 1162 803 investigare
1182 746 1375 803 paratus
1405 756 1542 789 sumt
1577 741 1882 808 similiterque
1901 743 2124 794 affectum
2143 745 2274 798 buno
2310 747 2406 797 1..-

205 810 386 860 cbeoem
403 813 640 863 existimo·
704 815 799 865 LA.
832 815 960 866 Vera
979 819 1251 883 perpendis,
1267 837 1298 870 o
1319 819 1479 870 Nicia.
1511 822 1744 888 profecto,
1782 825 1912 888 quod
1935 825 2079 891 paulo
2099 833 2211 877 ante
2232 828 2405 878 refere-

207 890 285 938 bat
304 891 614 957 Lysimachus
635 896 698 944 de
719 911 806 945 sno
827 905 877 945 et
896 897 1114 948 Melesiae
1134 907 1289 965 patre,
1326 916 1471 967 quam
1511 903 1751 966 aptissime
1771 904 1951 954 dictum
1972 906 2088 955 mibi
2107 907 2293 957 videtur
2303 909 2403 965 ,ad-

194 967 361 1020 ‘versas
380 973 510 1038 illos,
530 983 582 1024 et
602 991 711 1038 nos,
744 983 797 1025 et
831 993 1015 1041 omnes,
1046 977 1319 1045 quicunque
1359 981 1522 1030 civilia
1541 989 1762 1034 tractant.
1795 999 1921 1042 natu,
1955 987 2082 1050 quod
2117 988 2400 1051 querebatur

206 1049 532 1116 Lysimachus,
552 1056 622 1105 illi
644 1065 740 1106 tam
760 1057 902 1121 filios,
935 1073 1079 1123 quam
1100 1068 1256 1111 cetera
1278 1062 1558 1122 domestica,
1577 1064 1845 1129 negligunt.
1873 1065 1927 1114 in
1959 1067 2031 1115 bis
2051 1067 2213 1132 itaque
2233 1069 2400 1132 probe.

208 1129 508 1196 Lysimache,
532 1137 756 1201 loqueris.
824 1140 969 1198 Quod
990 1148 1150 1190 autem
1171 1157 1259 1191 nos
1275 1143 1336 1191 ad
1360 1144 1723 1194 consultandum
1745 1144 1809 1194 de
1828 1146 2092 1197 eruditione
2125 1147 2401 1199 adolescen-

205 1217 298 1259 tum
319 1216 543 1274 accersis,
563 1218 804 1267 Socratem
826 1228 983 1269 autem
1019 1220 1160 1271 istum
1193 1239 1291 1272 nou
1329 1223 1522 1283 invitas,
1558 1226 1792 1275 admiron
1824 1227 1975 1292 primo
2010 1228 2202 1292 quidem
2242 1228 2405 1278 conci·

202 1303 303 1340 νοω
322 1311 339 1355 3
370 1296 554 1346 deinde
576 1299 655 1347 bic
669 1306 727 1347 ut
746 1298 996 1363 plurimum
1019 1311 1372 1353 conversantem
1394 1311 1785 1370 tractantemque,
1797 1305 1881 1354 ubi
1896 1306 2055 1371 aliqua
2073 1307 2134 1357 sit
2154 1307 2405 1371 disciplina

199 1372 366 1425 decora
387 1377 517 1435 talis,
538 1378 727 1443 qualern
750 1380 917 1445 exigis,
956 1388 1007 1430 et
1041 1383 1316 1432 exercitatio
1341 1384 1591 1447 juvenum.
1654 1386 1751 1435 Lan.
1784 1386 1916 1444 Quid
1943 1387 2030 1444 ais,
2064 1386 2281 1437 Laches?
2315 1388 2404 1435 So-

199 1462 348 1504 uates
367 1457 453 1512 hie
476 1458 594 1507 talia
614 1474 825 1524 unquam
848 1460 1029 1510 curavit
1049 1462 1068 1510 ἓ
1135 1462 1230 1510 L..
1260 1463 1328 1510 Et
1344 1464 1547 1512 maxime
1578 1465 1789 1528 quidem,
1809 1465 2111 1529 Lysimache.
2175 1465 2268 1513 Νι.
2297 1466 2403 1529 Ego

196 1549 387 1601 quoque
419 1538 487 1587 ad
509 1541 603 1587 boc
623 1554 723 1587 non
744 1540 966 1604 deterior,
1000 1556 1142 1604 quam
1178 1541 1380 1602 hebes,
1418 1543 1552 1592 testis
1572 1559 1674 1593 esse
1694 1559 1902 1608 possum.
1965 1543 2135 1607 Nuper
2153 1544 2278 1592 enlm
2300 1545 2409 1592 bos-

188 1614 340 1677 'pitem
363 1619 433 1665 ad
455 1633 534 1665 me
568 1619 772 1667 deduxit
808 1619 1053 1668 erudiendi
1091 1621 1182 1670 filii
1215 1622 1361 1685 gratia
1381 1622 1662 1687 Agathoclis
1690 1623 1972 1688 discipulum
1995 1623 2280 1686 Damonem,
2302 1639 2406 1672 mu·

190 1697 303 1745 sico
330 1705 699 1763 preceptorem,
726 1700 953 1749 urbanum
976 1702 1170 1766 quidem
1201 1701 1351 1751 virum
1372 1719 1474 1768 pras
1493 1705 1680 1767 ceteris,
1710 1711 1853 1767 atquo
1883 1704 2086 1770 pretium
2116 1719 2210 1753 non
2233 1704 2281 1752 in
2303 1720 2404 1754 mu-

192 1775 285 1824 sica
305 1777 491 1841 solum,
512 1779 597 1827 sed
622 1779 764 1827 etism
784 1780 832 1827 in
855 1782 1021 1830 ceteris
1040 1782 1360 1840 facultatibus,
1397 1785 1570 1849 quibus
1598 1792 1728 1834 certe
1748 1785 1920 1848 dignus
1940 1784 2011 1843 fit,
2052 1792 2106 1832 ut
2132 1784 2238 1848 ejus
2258 1785 2402 1834 disci-
2498 1828 2503 1832 .

194 1856 335 1920 plina
357 1860 800 1926 consuetudinique
820 1862 1143 1913 adolescentes
1164 1863 1399 1928 ejusmodi
1433 1865 1800 1917 committantur.
1866 1865 1962 1915 Lr.
1995 1864 2142 1913 Haud
2179 1865 2400 1930 amplius,

196 1952 226 1984 o
245 1935 487 2001 Socrates,
512 1937 766 2005 Niciaque,
791 1950 841 1991 et
861 1942 1060 2007 Laches,
1081 1960 1173 2009 ego
1193 1951 1338 2009 atque
1360 1945 1568 2011 aequales
1585 1947 1698 2003 mci,
1714 1945 1929 2010 juniores
1949 1946 2292 2010 cognoscimus,
2324 1954 2401 1994 ut·

197 2024 309 2078 pote
338 2018 429 2083 qui
451 2033 542 2066 nos
563 2019 695 2068 domi
715 2020 778 2068 ob
815 2027 1000 2071 aetatem
1035 2023 1288 2087 plurimum
1322 2025 1636 2093 continemus.
1670 2040 1831 2074 verum
1866 2025 1906 2073 si
1939 2026 2057 2091 qnid
2084 2026 2217 2085 boni,
2247 2041 2278 2074 o
2309 2025 2399 2075 So-

188 2095 431 2159 'pbronisci
454 2098 548 2162 fili,
569 2100 758 2149 concivi
778 2102 889 2150 buic
912 2109 995 2151 tuo
1015 2104 1261 2153 consulere
1283 2112 1439 2169 potes,
1454 2106 1669 2155 consule.
1701 2107 1843 2156 decet
1855 2105 1982 2155 enirn
2002 2124 2015 2154 ι
2048 2121 2157 2155 nam
2175 2115 2397 2172 paternus

197 2178 329 2226 nobis
350 2195 404 2228 es
426 2180 626 2230 amicus.
660 2197 845 2246 semper
863 2183 987 2232 enim
1011 2200 1102 2249 ego
1125 2200 1181 2234 ac
1204 2193 1340 2251 pater
1359 2194 1469 2235 tuus
1489 2187 1740 2235 familiares
1759 2187 1995 2250 amicique
2014 2187 2205 2246 suimus,
2238 2199 2297 2235 ac
2316 2187 2400 2236 ille

193 2257 290 2307 vita
312 2260 446 2324 prius
470 2260 697 2319 decessit,
734 2278 877 2327 quam
909 2264 1008 2312 ulla
1047 2266 1173 2313 inter
1207 2280 1296 2312 nos
1325 2265 1537 2313 simultas
1568 2262 1838 2314 exoriretur.
1902 2265 2035 2313 Mihi
2054 2279 2245 2329 qnoque
2276 2281 2399 2329 quo·

196 2338 449 2389 dammodo
476 2356 614 2390 aures
635 2342 793 2392 adhuc
816 2344 1020 2392 Socratis
1035 2359 1211 2392 nomen
1234 2343 1568 2409 circumsonat,
1589 2345 1718 2408 quod
1742 2344 1793 2391 hi
1817 2345 1951 2407 pueri
1971 2344 2100 2394 domi
2123 2345 2402 2393 altercantes

197 2419 396 2469 invicem
416 2422 695 2488 frequenter
714 2431 964 2488 usurpant,
984 2423 1319 2489 celebrantque
1341 2439 1637 2489 summopere
1651 2441 1666 2471 r
1701 2438 1821 2488 qnos
1852 2423 2176 2488 ego-nondum
2199 2437 2399 2487 percon·

193 2508 315 2552 tatus
347 2520 479 2567 sum,
517 2511 674 2553 utrum
696 2505 940 2554 Socratem
975 2503 1281 2569 sophronisci
1312 2504 1460 2553 fllium
1496 2505 1677 2563 dicant,
1713 2504 1862 2569 [181]
1895 2519 1957 2552 an
1991 2504 2154 2554 alium.
2219 2504 2333 2562 Sed,
2366 2521 2397 2554 o

194 2584 344 2646 pueri.
365 2583 525 2633 dicite
549 2584 684 2641 mihi,
706 2584 847 2634 hicne
867 2585 1082 2634 Socrates
1101 2584 1204 2642 ille,
1226 2599 1366 2647 quem
1389 2585 1511 2634 adeo
1532 2585 1801 2651 frequenter
1820 2600 2181 2635 commemorare
2199 2585 2398 2637 soletis?

190 2661 290 2713 Pu.
324 2663 425 2714 Iste
450 2663 620 2729 procul
641 2665 809 2724 dubio,
831 2673 982 2729 pater.
1048 2657 1159 2717 Lr.'
1177 2665 1313 2715 Bene
1332 2666 1529 2731 quidem
1551 2682 1636 2732 per
1652 2666 1912 2725 Junonerm
1948 2682 1978 2715 o
1999 2667 2233 2726 Socrates,
2265 2666 2398 2732 quod

193 2742 298 2810 e'rga
321 2742 512 2810 patrem
535 2752 669 2793 tuum
691 2753 818 2794 recte
840 2752 890 2795 te
910 2746 1031 2810 geris
1051 2745 1261 2794 omnium
1281 2746 1486 2795 virorum
1519 2747 1772 2812 optimum,
1808 2756 1861 2796 et
1888 2749 2018 2813 quod
2040 2748 2179 2797 nobis
2207 2748 2398 2814 propria

194 2833 271 2875 tua
304 2833 467 2883 erunt,
507 2825 687 2890 tibique
724 2834 900 2876 nostra.
966 2826 1062 2878 La,
1096 2825 1177 2875 Ne
1200 2827 1371 2876 ‘virum
1405 2828 1535 2876 bunc
1568 2827 1797 2893 dimittas,
1832 2828 2131 2893 Lysimache-
2163 2845 2272 2877 nam
2303 2845 2395 2893 ego

190 2902 300 2955 'alibi
319 2909 485 2974 ipsum
502 2906 688 2971 inspexi
709 2908 998 2973 quandoque
1018 2923 1117 2956 non
1138 2921 1248 2974 erga
1269 2915 1451 2971 patrem
1475 2914 1675 2965 tanturn,
1706 2922 1868 2957 verum
1889 2909 2033 2956 etiam
2052 2924 2165 2972 erga
2195 2910 2404 2973 patriam'

190 2987 353 3037 mirum
375 2989 429 3036 in
454 2987 649 3036 modum
672 2986 950 3038 officiosum.
983 3003 1121 3052 porro
1154 2988 1209 3036 in
1247 2987 1352 3051 ipsa
1383 2986 1513 3051 apud
1547 2987 1748 3036 Delium
1768 2988 1882 3051 fuga
1900 3003 2086 3036 mecum
2109 3003 2206 3036 una
2224 2989 2396 3052 pedem

193 3069 347 3117 retulit
367 3087 382 3117 ε
418 3067 573 3133 idque
610 3075 762 3117 ratum
798 3069 973 3117 habeas
1012 3067 1170 3124 velim,
1203 3069 1333 3132 quod
1363 3067 1405 3116 si
1438 3067 1587 3116 ceteri
1622 3065 1840 3117 similiter
1872 3082 1924 3114 se
1954 3067 2224 3130 gessissent,
2271 3068 2400 3118 hand

193 3154 333 3197 totam
353 3163 588 3214 perpessa
602 3148 770 3197 suisset
789 3147 957 3196 civitas
978 3153 1134 3195 nostra
1155 3146 1357 3196 ruinam.
1424 3146 1522 3197 Lr.
1555 3144 1755 3209 Optima
1773 3145 1878 3194 hec
1899 3144 2103 3204 lamest,
2121 3161 2152 3194 o
2166 3146 2399 3205 Socrates,

194 3243 295 3292 quan
314 3229 409 3278 tibi
432 3243 566 3277 nunc
587 3244 618 3276 a
637 3227 749 3275 viris
786 3226 884 3275 fide
916 3226 1076 3290 dignis
1110 3224 1353 3288 tribuitur,
1388 3224 1474 3289 qul
1494 3225 1545 3274 in
1564 3224 1736 3273 iisdem
1755 3224 1983 3276 laududi
2003 3234 2054 3275 et
2073 3226 2166 3291 ipsi
2188 3236 2315 3287 sunt,
2347 3228 2400 3277 in

195 3310 365 3373 quibus
390 3318 445 3358 te
467 3307 683 3355 laudant.
748 3305 882 3355 Scito
901 3305 1067 3370 igitur,
1086 3321 1163 3355 me
1184 3314 1268 3354 tua
1289 3305 1437 3355 lutari
1456 3305 1623 3371 gloria,
1645 3306 1830 3371 tibique
1859 3321 2039 3356 summa
2071 3308 2402 3367 benevolentia

192 3406 286 3441 esse
308 3391 602 3440 devinctum
622 3386 903 3438 existimato.
971 3386 1176 3452 Oportet
1211 3403 1342 3453 ergo,
1377 3395 1424 3437 te
1457 3388 1658 3452 primum
1689 3388 1751 3437 ad
1773 3403 1861 3437 nos
1891 3388 2136 3453 accedere,
2175 3390 2399 3440 domesti-

195 3486 392 3538 cosque,
414 3475 475 3518 ut
494 3469 654 3527 decet,
675 3484 883 3518 censere·
947 3468 1107 3527 Quare
1128 3470 1346 3535 posthac,
1366 3477 1621 3536 postquam
1654 3484 1742 3519 nos
1770 3468 1974 3519 invicem
2007 3470 2300 3535 agnovimus,
2333 3487 2398 3523 ne

198 3551 325 3602 aliter
345 3550 535 3601 faciant
571 3550 714 3599 immo
752 3548 1084 3599 benevolentia
1116 3551 1321 3615 quadam
1355 3550 1619 3600 domestica
1651 3550 1978 3615 complectaris
2004 3557 2055 3600 et
2090 3566 2195 3609 nos,
2226 3560 2278 3601 et
2311 3554 2399 3603 hos

192 3630 423 3696 juniores,
447 3638 504 3680 ut
523 3639 688 3680 mutua
708 3632 832 3680 inter
852 3647 940 3680 nos
956 3632 1167 3682 amicitia
1185 3631 1410 3696 utrinque
1432 3638 1657 3680 servetur.
1719 3631 1842 3681 Hoc
1863 3646 1977 3679 sane
1998 3638 2049 3679 et
2070 3638 2122 3679 tu
2154 3632 2316 3691 facies,
2347 3642 2399 3684 et

194 3726 277 3761 nos
296 3715 533 3776 deinceps
555 3713 721 3761 iterum
742 3713 796 3761 in
820 3712 1089 3761 memoriam
1105 3712 1442 3760 revocabimus.
1508 3710 1589 3760 Ad
1610 3711 1662 3759 id
1686 3719 1861 3770 autem,
1900 3711 2034 3775 qnod
2048 3711 2281 3776 inquirere
2301 3728 2397 3764 cce-

192 3793 369 3857 pimus,
408 3792 529 3858 quid
565 3792 760 3841 dicitis?
824 3791 954 3841 Num
994 3794 1262 3842 conducere
1295 3792 1476 3857 putatis
1503 3791 1900 3850 adolescentibus,
1934 3799 1988 3840 ut
2017 3792 2157 3845 armis
2186 3809 2399 3858 pugnare

194 3868 501 3938 perdiscant?
567 3874 654 3922 So.
689 3872 911 3923 conabor
929 3873 1172 3939 equidem,
1192 3889 1223 3921 o
1245 3872 1548 3937 Lysimecbe,
1570 3872 1611 3921 si
1632 3872 1749 3937 quid
1769 3881 1939 3936 potero
1961 3871 2023 3920 de
2042 3872 2117 3920 bis
2136 3874 2400 3938 consulere,

194 3961 244 4002 et
261 3971 370 4020 qum
393 3953 609 4021 postulas
631 3961 806 4004 cuncta
826 3953 1070 4018 perlicere.
1136 3953 1312 4003 Verum
1335 3969 1423 4019 par
1443 3968 1548 4002 esse
1566 3952 1681 4001 mihi
1700 3952 1903 4010 videtur,
1924 3959 1997 4017 ut,
2018 3967 2127 4001 cum
2156 3960 2206 4001 et
2236 3952 2399 4018 junior

194 4035 284 4099 his,
302 4044 354 4085 et
374 4037 436 4085 ad
458 4035 564 4084 baec
582 4034 845 4099 imperitior
862 4034 969 4099 ipse
989 4033 1096 4097 sim,
1116 4034 1309 4084 audiam
1331 4035 1482 4099 primo
1503 4033 1620 4100 quid
1642 4033 1736 4099 ipsi
1750 4034 1978 4097 sentiant,
2000 4033 2303 4098 dist-amque:
2336 4050 2394 4083 ac

201 4113 240 4163 si
258 4116 375 4180 quid
398 4115 523 4164 ultra
552 4116 812 4164 sententias
842 4114 1028 4164 illorum
1049 4116 1279 4178 habuero,
1311 4123 1427 4165 tunc
1447 4116 1638 4164 demum
1658 4114 1750 4164 tibi
1770 4114 1940 4177 bisque
1968 4112 2190 4177 aperiam.
2254 4113 2399 4163 Cete-

196 4208 293 4244 rum
315 4213 400 4246 cnr
420 4212 520 4245 non
540 4196 646 4261 ipse
669 4196 812 4261 prior,
834 4212 865 4245 o
886 4194 1048 4255 Nicia,
1065 4195 1308 4262 loqueris?
1371 4194 1465 4245 Nr.
1495 4194 1629 4244 Nihil
1643 4195 1886 4261 probibet,
1899 4194 2131 4243 Socrates·
2192 4191 2399 4242 Videtur

200 4276 312 4325 mibi
332 4276 502 4342 peritia
521 4277 624 4325 hmo
660 4276 835 4339 passim
869 4276 1092 4341 prodesse
1119 4275 1410 4338 juvenibus:
1443 4291 1600 4341 neque
1633 4276 1686 4324 in
1721 4276 1796 4324 his
1832 4274 2191 4327 immorandum,
2224 4271 2401 4336 quibus

196 4353 395 4419 juvenes
415 4357 567 4407 otium
590 4357 719 4406 nacti
733 4372 837 4406 sae
854 4356 967 4406 dare
987 4363 1331 4407 consueverunt
1349 4375 1367 4420 ;
1398 4358 1484 4406 sed
1499 4372 1604 4405 eam
1619 4356 1893 4405 facultatem
1907 4365 2177 4415 comparare
2192 4355 2400 4413 pmflht»

200 4450 283 4500 per
302 4454 441 4502 quam
456 4437 657 4486 habitus·
670 4436 878 4503 corporis
901 4439 1119 4487 robustus
1151 4438 1429 4503 adquiritur.
1461 4436 1598 4486 nulla
1628 4435 1755 4485 enim
1775 4434 1886 4495 ¹alia
1912 4425 2249 4480 exercitatione
2275 4426 2399 4475 info-

198 4515 290 4564 rior
308 4518 411 4567 hoc
431 4524 523 4574 est,
558 4515 707 4581 [18²]
744 4524 829 4568 aut
849 4518 1006 4567 minus
1029 4518 1277 4571 laboriosa·
1308 4517 1449 4569 decet
1469 4522 1696 4580 praeterea
1713 4514 1913 4564 liberum
1944 4504 2181 4556 hominem
2198 4505 2397 4555 maxime
