2917 4975
525 486 606 542 34
1382 445 1768 512 PLATONIS
2536 448 2687 525 [155

523 644 545 683 t
582 651 603 683 ς
625 634 710 682 sm
730 621 960 677 indolem?
1027 612 1243 667 Μῑήῆω,
1277 607 1481 671 inquam.
1545 599 1712 665 Atqui,
1747 595 1923 661 inquit,
1961 596 2000 644 si
2034 598 2212 647 nudare
2243 612 2295 646 se
2316 598 2477 656 veltet,
2500 599 2683 648 vultum
2712 630 2719 636 -

528 653 663 763 „tibin
689 710 875 757 faceres,
913 712 1005 763 pro
1037 695 1116 743 ilia
1144 705 1247 756 quae
1281 689 1394 735 latet
1424 685 1548 731 intus
1569 682 1716 728 forma
1737 676 1954 726 mirabili.
2020 677 2200 727 Eadem
2222 679 2327 729 hec
2348 678 2689 743 Cbaerephonti

581 790 660 839 teri
681 786 820 835 etiarn
841 781 1186 829 consenserunt.
1249 762 1610 831 Insuperabilem
1630 760 1805 822 hercle,
1820 758 2032 827 inquam,
2053 758 2200 807 vimrn
2224 759 2440 817 narratis,
2465 761 2689 824 siparum

523 810 634 918 cffid
660 867 846 927 insuper
865 860 974 909 huic
997 856 1193 905 adesset.
1258 847 1387 906 Quid
1409 843 1530 892 istud
1550 842 1568 888 ἓ
1602 839 1901 903 interrogavit
1921 838 2114 888 Critias.
2179 839 2230 888 Si
2251 839 2451 905 optimo,
2472 840 2687 906 inquam,

522 888 665 999 ιιιιιίιιιί
705 943 865 993 habitu
905 946 1066 988 natura
1103 934 1295 981 decorus
1332 931 1483 974 esset:
1518 928 1889 970 consentaneum
1924 927 2079 968 tannen
2116 927 2189 968 est
2222 920 2364 968 talem
2400 921 2528 970 hunc
2568 937 2692 977 esse.

519 1026 666 1079 criti.
720 1038 827 1072 cum
850 1027 995 1069 vesu-a
1014 1031 1069 1065 ea
1101 1011 1240 1074 stirpe
1272 1005 1330 1054 sit
1349 1003 1550 1068 genitus.
1614 1000 1767 1049 Immo
1789 1007 1934 1057 certe,
1957 1000 2115 1064 quoad
2138 999 2380 1065 ingenium
2404 1009 2607 1065 spectat,
2641 1012 2693 1052 et

550 1062 847 1155 eichen-imus
867 1106 939 1149 est
958 1104 1007 1146 et
1028 1092 1243 1158 optimus.
1308 1083 1435 1143 Quid
1459 1081 1603 1146 igitur
1636 1097 1733 1130 non
1766 1082 2018 1139 nudamus,
2057 1081 2269 1145 inquam,
2307 1081 2514 1130 animum
2539 1082 2691 1146 prius,

519 1126 871 1246 'i'mefiommque
892 1178 1100 1227 deoorem
1138 1167 1292 1234 potius
1321 1179 1462 1229 quam
1485 1162 1760 1213 exteriorem
1783 1161 1990 1226 speeiem
2010 1161 2415 1225 contemplamur?
2448 1178 2559 1211 nam
2579 1179 2689 1212 cum

520 1266 623 1315 talis
644 1263 721 1325 sit,
753 1258 992 1309 nobiscum
1010 1253 1225 1300 disserere
1257 1260 1353 1294 non
1389 1243 1598 1308 negabit.
1667 1242 1817 1290 Volet
1850 1252 1997 1307 certe,
2029 1242 2273 1306 respondit
2294 1242 2481 1293 Critias.
2515 1259 2692 1308 nempe

523 1344 761 1413 sapientie
794 1337 937 1406 [15⁵]
968 1332 1196 1383 studiosus
1209 1334 1300 1391 est,
1320 1334 1370 1375 et
1385 1334 1438 1375 ut
1449 1325 1539 1375 sibi
1556 1324 1819 1388 ceterisque
1840 1324 2045 1388 videtur,
2066 1323 2207 1372 valde
2228 1323 2467 1388 poeticus.
2508 1324 2694 1390 Longa,

516 1430 722 1493 inquam.
750 1420 862 1472 serie
883 1410 1229 1481 generositatem
1250 1407 1371 1454 hanc
1394 1403 1584 1453 Solonis
1606 1420 1665 1453 ex
1687 1419 1860 1467 genere
1883 1403 2082 1452 trahitis.
2150 1403 2328 1451 Verum
2349 1420 2434 1452 cnr
2453 1419 2551 1452 non
2575 1405 2692 1453 mihi

510 1511 612 1575 jam
636 1512 851 1556 mmm„
871 1494 1224 1548 adolescentem,
1245 1500 1489 1534 accersens
1511 1486 1605 1533 huc
1627 1484 1758 1532 iilum
1779 1484 1796 1532 ?
1831 1499 1986 1548 neque
2008 1483 2137 1532 enirn
2157 1484 2377 1543 dedecet,
2400 1484 2476 1532 vel
2497 1485 2686 1534 etiarnsi

519 1591 668 1638 minor
686 1593 794 1634 natu
814 1584 948 1638 esset,
966 1586 1071 1621 cnm
1095 1584 1153 1617 eo
1176 1566 1421 1623 disserere,
1445 1571 1679 1630 praesente
1702 1571 1749 1613 te
1771 1564 1984 1628 patruele
2004 1564 2108 1629 ejus
2128 1571 2273 1629 atque
2294 1571 2473 1616 tutore.-
2536 1566 2694 1627 Probe

515 1666 731 1731 loqueris,
767 1661 845 1708 ait.
879 1651 1111 1702 vocandus
1133 1645 1338 1709 estjam.
1409 1642 1569 1709 Atque
1590 1644 1663 1692 his
1698 1643 1952 1701 dictis„ad
1984 1660 2093 1697 enm
2127 1644 2212 1708 qui
2246 1659 2372 1708 pone
2408 1646 2696 1709 sequebatur
2792 1672 2801 1679 ·

511 1757 768 1797 conversus,
790 1737 937 1788 Voce,
972 1729 1141 1794 inquit,
1179 1725 1502 1788 Charmidem,
1539 1724 1703 1774 dicens
1738 1724 1825 1782 illi,
1862 1740 1938 1774 me
1972 1725 2093 1773 velle
2132 1725 2317 1774 medico
2355 1726 2691 1783 eumenidarn

510 1823 790 1876 committere
823 1813 953 1863 maire
983 1809 1110 1858 illius
1148 1806 1435 1855 valetudinis
1470 1820 1630 1867 eausa,
1665 1805 1726 1853 de
1763 1820 1860 1868 qua
1887 1820 2070 1855 mecum
2091 1813 2378 1868 conquestus
2408 1813 2498 1855 est.
2563 1808 2695 1863 Mihi

512 1919 619 1967 ergo
654 1900 772 1948 dixit
803 1892 984 1947 Critias,
1017 1887 1163 1953 paulo
1185 1893 1296 1953 ante
1331 1885 1609 1936 Charmides
1646 1886 1708 1933 ab
1743 1886 1853 1949 ipso
1875 1886 1986 1934 solis
2016 1894 2180 1934 exortu
2210 1895 2402 1951 gravato
2442 1903 2493 1937 se
2530 1888 2692 1953 capite

508 1981 746 2036 surrexisse
767 1972 1152 2037 conquerebatur.
1219 1967 1350 2024 Quid
1376 1964 1593 2030 prohibet
1611 1964 1775 2029 igitur,
1797 1966 2015 2015 simulare
2036 1966 2292 2016 remedium
2313 1968 2507 2033 aliquod
2528 1978 2694 2026 ωηατ

506 2061 670 2127 „pitis
691 2053 982 2123 gravedinem
1005 2058 1053 2098 te
1070 2049 1239 2096 habere
1261 2048 1280 2095 ἓ
1347 2046 1483 2096 Nihil
1505 2048 1741 2113 prohibet,
1760 2045 1950 2112 inquam
1970 2065 1984 2094 ι
2019 2048 2161 2096 modo
2182 2048 2358 2098 veniat.
2425 2048 2494 2097 At
2514 2049 2692 2099 veniet.

507 2141 644 2201 Quod
678 2145 726 2186 et
757 2136 931 2183 factum
968 2139 1056 2181 est.
1090 2129 1222 2178 venit
1253 2128 1400 2192 enim,
1436 2129 1671 2194 risumque
1701 2126 1965 2179 effusiorem
1998 2128 2215 2179 omnibus
2254 2128 2542 2180 concitavit:
2578 2146 2693 2180 nam

506 2217 816 2283 unusquisque
850 2218 1056 2261 nostrum
1091 2225 1187 2257 una
1216 2208 1500 2265 sedentium,
1539 2209 1693 2261 locum
1732 2209 1901 2258 cedere
1934 2209 2109 2261 ,rolens
2143 2210 2406 2268 Charmidi,
2444 2218 2498 2259 ut
2536 2226 2690 2275 prope

504 2316 604 2351 eum
628 2296 823 2350 sederet,
846 2291 1105 2357 proximum
1140 2289 1305 2339 dedita
1341 2305 1486 2354 opera
1521 2290 1574 2338 in
1612 2289 1732 2339 latus
1752 2289 1977 2356 impulit:
2013 2308 2109 2356 quo
2131 2292 2307 2341 facturn
2328 2299 2419 2351 est,
2442 2298 2496 2340 ut
2526 2307 2691 2340 eorum

503 2381 581 2445 qui
601 2377 820 2438 utrinque
835 2373 1063 2422 sedebant
1098 2371 1357 2428 novissimi,
1394 2386 1541 2420 unum
1576 2386 1760 2437 surgere
1781 2387 2079 2437 cogeremus,
2116 2372 2313 2421 aitemm
2336 2372 2466 2420 humi
2486 2379 2694 2436 prostra-

503 2471 598 2510 tum
620 2455 958 2520 dejiceremus:
979 2452 1059 2503 iiie
1087 2468 1195 2503 vero
1217 2453 1470 2511 accedens,
1507 2467 1583 2502 me
1604 2452 1724 2503 inter
1740 2452 2045 2519 Critianique
2064 2453 2258 2506 assedit.
2324 2453 2428 2518 Ego
2451 2468 2562 2510 xero
2584 2468 2697 2517 per·

502 2544 719 2590 contante
740 2535 842 2596 ino,
867 2542 1020 2583 utrum
1040 2534 1211 2598 capitis
1235 2534 1468 2582 medelam
1489 2535 1674 2597 scirem,
1694 2534 1767 2582 vi‘x
1793 2535 1981 2588 tandem
2001 2551 2076 2585 me
2098 2534 2216 2585 seire
2238 2535 2473 2599 respondi.
2539 2535 2694 2592 Quas·

501 2634 604 2668 nam
625 2618 713 2664 ista
730 2615 760 2662 ἒ.
782 2614 1014 2678 quesivit.
1083 2614 1267 2663 Folium
1300 2614 1559 2677 quoddam,
1592 2615 1801 2678 inquam.
1868 2614 1937 2662 At
1973 2616 2166 2679 insuper
2186 2617 2410 2666 addenda
2430 2623 2503 2665 est
2523 2616 2695 2668 incan-

500 2698 613 2747 tatio
632 2695 867 2759 quodam,
905 2710 1045 2759 quam
1083 2694 1121 2741 si
1143 2694 1249 2756 quis
1271 2692 1515 2750 adhibeat,
1551 2693 1760 2757 folioque
1784 2700 1956 2751 utatur,
1991 2696 2167 2746 sanitas
2204 2696 2479 2746 restituitur.
2511 2697 2699 2762 absque

498 2793 603 2827 vero
634 2773 957 2824 incantatione
990 2774 1155 2822 folium
1189 2773 1309 2821 nihil
1345 2773 1547 2822 confert.
1615 2773 1694 2821 Ad
1718 2774 1819 2821 haec
1838 2773 1951 2824 ine:
1985 2775 2254 2824 Exscribam
2287 2778 2434 2840 [156]
2466 2777 2696 2842 equidem

495 2861 614 2907 hanc
639 2865 685 2903 te
706 2856 917 2903 dictante
939 2852 1328 2903 incantationem.
1395 2852 1563 2901 Utrum
1587 2855 1625 2901 si
1649 2852 1763 2901 mihi
1796 2855 2093 2917 persuaseris,
2131 2856 2359 2919 inquam?
2395 2870 2457 2903 an
2478 2858 2625 2907 etiam
2648 2859 2697 2907 si

495 2953 589 2987 non
627 2935 940 2999 persuaseris?
1008 2933 1099 2982 Ille
1134 2934 1377 2983 subridens
1399 2933 1486 2991 ait,
1523 2934 1577 2984 Si
1615 2934 1699 2982 tibi
1724 2948 2012 2997 persuasero,
2047 2934 2278 3002 Socrates.
2345 2934 2488 2992 Hem,
2509 2951 2697 2988 nornen

493 3098 556 3145 de
589 3103 636 3143 te
671 3095 793 3146 inter
828 3096 1034 3161 equales
1068 3112 1197 3146 meos
1220 3111 1370 3145 sermo
1402 3096 1616 3146 habetur.
1652 3095 1843 3146 memini
1876 3096 1994 3160 qnin
2030 3096 2193 3153 etiam,
2230 3111 2339 3145 cum
2375 3111 2491 3159 puer
2532 3097 2697 3149 adhuc

493 3191 658 3231 essem,
695 3186 743 3225 te
762 3194 871 3225 eum
908 3177 1060 3226 Critia
1091 3179 1181 3225 boc
1201 3177 1373 3234 versari
1409 3177 1618 3227 solitum.
1686 3176 1841 3226 Recte
1874 3185 1923 3225 tu
1947 3176 2158 3242 quidem.
2193 3177 2446 3226 audentius
2464 3178 2594 3227 enim
2614 3178 2694 3227 in-

492 3255 778 3305 cantationis
803 3257 888 3305 tibi
911 3259 1101 3305 modum
1126 3259 1388 3307 ostendam.
1421 3259 1698 3322 pauloxero
1714 3265 1827 3307 ante
1850 3258 2135 3322 nesciebam,
2166 3274 2262 3322 quo
2283 3265 2423 3322 pacto
2444 3258 2541 3307 vim
2564 3260 2695 3316 iliius

495 3336 580 3384 tibi
605 3343 924 3385 monstrarem.
989 3336 1077 3384 Est
1098 3345 1256 3385 sutem
1281 3336 1407 3399 talis,
1445 3355 1476 3386 o
1497 3338 1790 3397 Charmides,
1829 3348 1882 3388 ut
1921 3348 2067 3403 caput
2097 3339 2246 3390 solum
2269 3353 2429 3389 curare
2449 3349 2655 3404 nequeat
2675 3358 2691 3389 ι

493 3416 890 3479 quemadmodum
927 3431 1055 3481 saepe
1096 3432 1154 3466 ex
1177 3418 1339 3480 peritis
1362 3418 1556 3468 medicis
1578 3418 1821 3475 audivisti.
1854 3420 1958 3483 qui,
1991 3420 2175 3484 quoties
2194 3420 2368 3484 aliquis
2389 3420 2551 3468 dolore
2573 3436 2692 3470 ocu-

494 3497 639 3544 lorum
663 3495 860 3545 affectus
881 3512 964 3545 eos
984 3497 1207 3554 consulit,
1246 3497 1388 3549 aiunt,
1404 3513 1500 3546 non
1520 3514 1657 3562 posse
1672 3499 1826 3548 oculis
1850 3501 2044 3563 mederi,
2078 3501 2171 3549 nisi
2208 3500 2336 3564 prius
2357 3501 2506 3564 capiti
2526 3501 2693 3552 mede-

496 3583 650 3635 antur,
672 3591 828 3640 neque
848 3586 995 3641 eaput
1011 3578 1192 3643 absque
1216 3578 1361 3628 totius
1393 3579 1603 3643 corporis
1637 3579 1872 3632 medicina
1906 3597 2044 3645 posse
2075 3580 2242 3632 curari.
2309 3581 2417 3630 Hac
2445 3582 2507 3629 de
2545 3597 2694 3632 causa

493 3655 663 3717 regulis
686 3655 967 3718 quibusdam
991 3659 1077 3706 toti
1099 3659 1450 3709 conferentibus
1479 3668 1692 3718 utuntur,
1713 3667 1764 3710 et
1783 3676 1812 3709 a
1832 3668 1934 3709 toto
1956 3663 2015 3710 ad
2041 3659 2220 3726 partem
2242 3669 2483 3712 museum
2504 3662 2694 3710 restitu-

493 3736 682 3784 endam.
723 3735 832 3785 .An
856 3752 952 3786 non
973 3739 1164 3796 audisti.
1202 3741 1269 3789 ita
1301 3741 1458 3792 dicere
1480 3741 1605 3798 iilos.
1627 3749 1678 3791 et
1698 3741 1765 3789 ita
1785 3742 1937 3793 esse?.
1986 3742 2221 3794 Prorsus.-
2266 3743 2421 3791 Recte
2443 3743 2575 3806 loqui
2602 3741 2693 3790 tibi

491 3815 727 3872 videntur,
749 3833 1104 3882 sermonemque
1128 3821 1252 3870 hunc
1290 3821 1564 3885 approbas?
1632 3811 1845 3870 Maxime
1875 3825 2102 3872 omniurn.
2173 3823 2427 3870 Enimvero
2448 3837 2555 3871 curn
2581 3838 2688 3886 pro·

489 3893 590 3940 bari
612 3894 700 3942 sibi
719 3896 822 3945 haec
842 3897 1068 3953 audirem.
1087 3898 1217 3948 Talis
1237 3909 1326 3957 est,
1349 3901 1562 3965 inquam,
1602 3918 1631 3950 o
1653 3901 1944 3959 Charmides,
1985 3903 2319 3952 incantationis
2333 3919 2523 3967 quoque
2547 3902 2691 3965 hujus

489 3975 737 4034 potentia:
773 3990 914 4039 quam
951 3976 1100 4028 didici
1120 3978 1293 4029 ibidem
1317 3980 1366 4028 in
1389 3982 1597 4031 exercitu
1620 3997 1651 4029 a
1670 3983 1876 4046 quodam
1899 3984 2185 4031 medicorum
2205 3983 2438 4032 Thracum
2459 3982 2689 4034 Zamoixi·

488 4052 562 4099 dis
583 4061 883 4119 sectatorum,
916 4057 1000 4120 qui
1037 4065 1086 4105 et
1124 4059 1517 4109 immortalitatem
1550 4061 1717 4114 afferre
1748 4063 1987 4112 dicuntur.
2020 4064 2200 4128 adjecit
2219 4072 2444 4129 preterea
2461 4063 2688 4118 Thracius

488 4131 570 4181 iiie
593 4133 823 4192 medicus,
844 4136 988 4186 etiam
1013 4137 1285 4198 Graecorum
1309 4141 1537 4203 medicos,
1553 4157 1661 4206 quae
1682 4158 1825 4207 supra
1845 4153 2030 4193 narrata
2051 4152 2181 4207 sunt,
2203 4144 2478 4209 pmdicsre.
2543 4144 2686 4196 Cere-

488 4227 590 4264 rum
624 4213 872 4274 Zamoixis,
906 4217 992 4272 ait,
1032 4234 1109 4266 rex
1145 4227 1307 4270 noster
1341 4237 1398 4271 ac
1424 4222 1542 4272 dens
1572 4223 1731 4281 tradit,
1770 4224 2179 4282 Quemadmodum
2217 4226 2380 4275 oculos
2402 4227 2503 4274 sine
2526 4225 2684 4289 capite

488 4307 649 4342 curare
671 4310 767 4342 non
789 4296 947 4353 decet.
986 4312 1141 4363 neque
1179 4301 1280 4349 sine
1303 4303 1482 4367 reliquo
1505 4319 1701 4367 corpore
1721 4314 1866 4368 caput
1886 4324 1898 4353 ι
1933 4306 2003 4354 ita
2024 4321 2179 4370 neque
2200 4307 2302 4355 sine
2319 4306 2475 4355 anima
2495 4323 2685 4370 corpus.

486 4385 638 4437 eaque
655 4390 799 4424 causa
819 4383 908 4434 est,
941 4394 1026 4426 cnr
1059 4381 1269 4430 medicos
1289 4382 1484 4440 Grecos
1521 4385 1668 4433 morbi
1703 4401 1949 4449 corporum
1986 4387 2121 4435 multi
2162 4389 2355 4443 lateant,
2393 4386 2507 4451 qnia
2529 4394 2682 4444 totum

482 4447 636 4512 ipsum
660 4456 1059 4524 ignoranyquod
1093 4461 1139 4509 in
1175 4463 1334 4526 primis
1349 4479 1525 4515 ‘curare
1547 4474 1736 4530 oportet
1761 4483 1773 4514 ε
1809 4482 1907 4531 quo
1927 4468 2241 4524 maleaffeoto
2265 4468 2557 4533 impossibile
2591 4475 2677 4524 est,
