2917 4975
234 447 372 525 184]
1072 444 1594 506 mammos
2306 453 2424 511 255

221 603 323 667 ipse
357 602 556 653 scientia
593 610 685 660 est,
711 609 765 650 ut
801 616 893 665 ego
922 599 1290 664 Theotetnsque
1322 599 1545 649 diximus.
1608 598 1776 652 Tuto.
1810 599 2006 651 Dictum
2045 602 2257 668 quidem.
2319 606 2407 656 80.

222 683 334 732 Non
356 684 496 748 igitur
516 684 759 734 scientiam
781 683 929 747 magis
948 697 1091 747 quam
1113 696 1211 729 non
1233 680 1477 729 scientiam
1499 680 1918 744 respondebamus,
1938 684 2056 747 quid
2094 684 2296 735 scientia
2335 686 2416 743 sit.

219 763 504 827 interrogati.
537 765 683 828 [183]
715 763 883 812 Τιιιο.
916 763 996 811 Sic
1010 769 1136 811 certe
1155 760 1394 810 videmini.
1458 761 1548 811 80.
1582 760 1866 824 Opportune
1879 762 2043 827 itaque
2061 766 2414 828 responsionem

219 845 346 893 illam
384 845 758 901 emendaremus,
793 843 833 892 si
869 844 1184 892 demonstrare
1214 841 1627 901 contenderemus,
1664 842 1794 906 quod
1831 843 1992 892 omnia
2028 854 2323 904 moveantur,
2362 854 2418 896 nt

222 932 347 974 recta
385 926 465 974 illa
504 925 745 990 responsio
767 925 994 974 videatur.
1062 922 1169 970 Hoc
1192 929 1368 983 autem,
1400 929 1453 970 ut
1491 922 1694 980 videtur,
1729 925 1965 988 apparuit,
2000 926 2148 990 quod,
2180 926 2223 975 si
2256 927 2418 976 omnia

221 1012 482 1064 moventur,
506 1006 749 1070 responsio
770 1005 1010 1070 quaelibet,
1036 1004 1097 1051 de
1119 1018 1404 1067 quocunque
1435 1003 1547 1067 quis
1582 1004 1881 1067 respondeat,
1905 1021 2040 1070 aeque
2060 1019 2188 1056 recta
2209 1015 2299 1065 est,
2321 1024 2418 1074 qua

221 1085 269 1134 id
291 1086 358 1136 sic
376 1103 428 1135 se
448 1089 619 1137 habere
639 1094 692 1136 et
708 1102 806 1135 non
826 1086 897 1136 sic
918 1086 1092 1134 babere
1114 1099 1164 1133 se
1198 1084 1526 1147 respondetur.
1559 1084 1690 1149 quod
1725 1086 1766 1133 si
1805 1087 1973 1144 mavis,
2003 1088 2100 1136 fieri
2122 1090 2378 1138 dicendum
2397 1106 2415 1138 ε

222 1182 281 1216 ne
317 1166 446 1231 ipsos
484 1184 701 1219 0000000
737 1168 970 1216 sistamus.
1036 1165 1169 1213 Tna.
1201 1164 1357 1213 Recte
1390 1164 1616 1228 loqueris.
1681 1165 1767 1214 80.
1800 1165 2116 1231 Praeterquam
2153 1170 2203 1216 in
2235 1171 2345 1227 hoc,
2383 1186 2415 1219 0

217 1246 481 1307 Theodore,
515 1250 644 1314 quod
683 1247 751 1295 ita
787 1255 837 1295 et
871 1261 969 1293 non
1006 1244 1077 1292 ita
1116 1242 1353 1293 dicebam.
1378 1249 1577 1306 -oportet
1612 1251 1770 1292 autem
1808 1260 1964 1308 neque
2007 1249 2098 1296 hoc
2135 1248 2203 1296 ita
2239 1250 2416 1301 dicere.

218 1327 392 1393 Neque
425 1330 552 1378 enim
588 1328 793 1390 amplius
828 1326 897 1373 ita
929 1330 1207 1380 moveretur,
1230 1337 1386 1386 neque
1408 1338 1564 1371 rursus
1580 1323 1784 1371 nonita.
1848 1323 1963 1372 Non
1985 1327 2108 1375 enim
2134 1336 2288 1376 motus
2308 1331 2421 1387 boc,

219 1409 301 1457 sed
325 1424 500 1457 nomen
523 1408 653 1457 aliud
677 1404 1018 1468 imponendum
1040 1403 1101 1451 ab
1123 1402 1200 1458 iis,
1221 1402 1309 1465 qui
1331 1402 1442 1450 talia
1477 1402 1743 1450 disserunt:
1778 1404 2002 1466 quoniam
2024 1421 2151 1454 nunc
2171 1408 2232 1454 ad
2254 1423 2416 1456 eorum

217 1489 594 1553 suppositionem
615 1486 758 1534 verba
781 1499 875 1531 non
897 1484 1076 1530 habent
1095 1499 1111 1540 5
1142 1481 1233 1528 nisi
1249 1482 1368 1530 forte
1388 1481 1646 1530 dictionem
1670 1483 1811 1539 hanc,
1832 1483 2014 1532 scillcet
2035 1499 2130 1531 non
2156 1488 2421 1548 quomodo.

215 1584 431 1631 cunque,
450 1567 626 1615 habere
648 1565 913 1619 videantur,
936 1576 1044 1625 qum
1066 1561 1258 1624 quidem
1282 1560 1576 1623 potissimum
1612 1561 1727 1624 ipsis
1763 1563 1981 1625 congruit
2012 1563 2195 1612 infinite
2218 1565 2415 1628 prolata.

212 1646 388 1695 Tuto.
423 1645 583 1694 Valde
621 1643 909 1694 conveniens
945 1642 1042 1690 illis
1079 1643 1180 1690 baec
1218 1639 1366 1689 dictio
1399 1648 1491 1691 est.
1558 1642 1645 1689 So.
1677 1642 1804 1699 Jam,
1837 1658 1869 1691 0
1904 1643 2169 1700 Theodore,
2187 1648 2316 1710 quod
2350 1649 2413 1696 ad

214 1727 426 1775 amicum
453 1733 585 1773 tuum
607 1724 796 1781 attinet,
827 1721 1183 1786 expedivimus:
1217 1721 1423 1769 necdum
1451 1721 1768 1770 concessimus
1789 1723 1874 1780 illi,
1896 1724 2153 1787 quemlibet
2174 1726 2411 1786 hominem

118 1824 137 1839 ⁸
211 1822 369 1856 rerum
387 1805 598 1854 omnium
635 1819 738 1853 esse
774 1818 1053 1857 mensuram,
1077 1801 1167 1849 nisi
1208 1801 1399 1866 sapiens
1435 1801 1544 1865 quis
1563 1802 1750 1851 existat.
1817 1803 2072 1852 Scientiam
2093 1805 2288 1871 insuper
2308 1814 2424 1858 esse'

217 1902 406 1937 sensum
432 1884 622 1934 minime
644 1886 958 1932 concedemus
981 1882 1239 1930 secundum
1256 1883 1484 1930 rationem
1499 1881 1767 1947 illamffluae
1785 1885 1962 1933 moveri
1978 1886 2137 1934 omnia
2153 1889 2411 1951 pradicat-

218 1963 309 2013 nisi
330 1965 450 2013 forte
481 1964 753 2012 Theaetetus
780 1964 870 2012 iste
891 1963 1025 2012 aliter
1046 1963 1344 2045 persuadeat.
1407 1961 1541 2011 Tne.
1574 1963 1769 2026 Optime
1803 1962 1983 2027 dixisti,
2005 1983 2034 2014 u
2072 1968 2305 2018 Socrates.
2339 1969 2416 2021 bis

221 2046 344 2094 enim
367 2046 588 2110 peractis,
607 2060 685 2093 me
719 2060 909 2110 quoque
946 2045 1007 2093 ab
1044 2043 1103 2092 iis
1135 2020 1410 2106 expeditum
1447 2060 1550 2093 esse
1587 2045 1743 2102 decet,
1768 2052 1822 2094 ut
1858 2046 1981 2094 inter
2002 2063 2088 2096 nos
2107 2060 2414 2100 convenerat.

220 2134 470 2189 postquam
494 2142 602 2174 vero
641 2124 903 2189 disputatio
937 2126 1159 2174 adversus
1181 2124 1485 2189 Protagoram
1509 2126 1651 2174 finem
1674 2127 1878 2189 accepit,
1901 2143 1962 2175 ne
1984 2129 2213 2188 desistite,
2233 2148 2416 2195 quaeso,

219 2205 484 2263 Theodore,
506 2214 760 2268 antequam
784 2212 833 2253 tu
857 2213 907 2253 et
926 2205 1139 2254 Socrates
1162 2206 1439 2269 percurratis
1459 2221 1543 2253 eos
1580 2206 1790 2268 insuper,
1821 2208 1901 2269 qui
1923 2215 2043 2256 stare
2064 2210 2228 2258 omnia
2250 2212 2414 2262 volne-

219 2295 343 2345 runt,
365 2286 764 2352 quemadmodum
788 2284 930 2348 paulo
946 2293 1056 2333 ante
1073 2285 1401 2349 proposuistis.
1467 2285 1544 2332 ΤΒ
1554 2301 1631 2332 ao.
1666 2284 1790 2334 Cum
1806 2286 1869 2332 sis
1883 2285 2092 2348 juvenis,
2110 2276 2416 2349 oTheatete,

221 2368 424 2417 seniores
446 2366 666 2430 injuriam
688 2365 842 2413 facere
864 2365 1025 2421 doces,
1048 2365 1161 2412 dum
1186 2373 1326 2427 pacta
1347 2364 1605 2426 transgredi
1626 2365 1901 2414 exhortaris.
1965 2366 2058 2414 Sed
2080 2369 2327 2431 accingere
2342 2378 2413 2428 tn,

223 2457 275 2499 ut
294 2449 578 2515 reliquorum
607 2445 809 2508 Socrati,
832 2444 872 2494 si
892 2444 1026 2503 velit,
1047 2444 1274 2493 rationem
1294 2444 1480 2492 reddas.
1544 2442 1677 2495 Tua.
1713 2443 2044 2495 Libentissime
2079 2451 2235 2496 tamen
2256 2464 2333 2508 ea,
2354 2451 2418 2501 de

221 2531 393 2595 quibus
415 2530 597 2593 loquor,
621 2527 849 2577 audirem.
914 2526 991 2574 Tu
1001 2540 1081 2573 00.
1113 2524 1335 2589 Equitem
1368 2525 1418 2574 in
1452 2540 1674 2590 campum
1697 2541 1941 2589 provocas,
1961 2544 2068 2578 cum
2090 2530 2330 2580 Socratem
2351 2533 2414 2580 ad

219 2611 558 2683 disputandum
602 2606 816 2657 accersis.
862 2607 1096 2669 interroga
1138 2605 1297 2676 igitur,
1332 2615 1477 2671 atque
1519 2607 1697 2656 audies.
1761 2607 1848 2656 So.
1881 2607 2064 2658 Videor
2100 2612 2340 2675 equidem,
2384 2629 2416 2663 o

218 2690 486 2746 Tileodore,
507 2689 555 2736 in
577 2688 667 2747 his,
685 2703 791 2751 quae
804 2686 1075 2735 Theoetetus
1089 2684 1246 2750 jubet,
1265 2687 1353 2751 ipsi
1372 2686 1563 2736 minIme
1582 2687 1828 2750 pariturus.
1894 2689 2061 2739 Tuto.
2094 2691 2225 2749 Quid
2239 2694 2417 2751 obstat,

220 2787 316 2835 000
340 2770 499 2820 minus
532 2767 833 2833 obsequaris?
896 2766 983 2816 So.
1016 2767 1122 2816 Etsi
1152 2767 1405 2817 Melissum
1428 2776 1573 2832 atque
1595 2768 1733 2832 alios,
1750 2770 1834 2834 qni
1856 2785 2000 2818 unum
2023 2773 2284 2821 consistens
2304 2773 2414 2822 uni·

220 2867 405 2901 versum
420 2850 604 2906 dicunt,
622 2862 780 2897 vereor
796 2862 857 2896 ne
874 2846 991 2896 sorte
1006 2848 1190 2895 onerosi
1207 2847 1464 2903 videamur,
1480 2847 1586 2895 illos
1602 2849 1911 2912 exagitantes,
1928 2850 2082 2898 minus
2101 2859 2257 2901 tamen
2274 2869 2418 2916 quam

220 2932 411 2981 unicum
428 2929 756 2980 Parmeniden)
777 2943 954 2978 vereor.
1004 2927 1308 2976 Parmenides
1322 2939 1500 2983 autem,
1524 2936 1577 2974 ut
1599 2927 1861 2976 Homericis
1878 2929 2029 2977 verbis
2053 2939 2171 2987 utar,
2189 2935 2417 2981 verendus

222 3012 337 3060 mihi
359 3026 559 3074 acerque
581 3008 781 3057 videtur.
851 3007 1131 3057 Collocutus
1156 3021 1257 3053 sum
1278 3006 1389 3054 olim
1412 3021 1520 3054 cnm
1543 3005 1626 3053 illo
1647 3022 1760 3054 sene
1782 3007 2036 3054 admodum
2070 3009 2226 3055 adhuc
2258 3011 2420 3059 adole-

219 3107 377 3155 scens,
414 3091 623 3152 mihique
644 3089 770 3136 visus
803 3096 875 3135 est
911 3085 1194 3149 profundam
1225 3100 1593 3149 generosamque
1628 3086 1822 3132 omnino
1859 3085 2138 3147 sapientiam
2161 3087 2417 3150 possidere.

219 3170 367 3234 [184]
402 3168 622 3217 Formido
636 3167 812 3230 itaque,
830 3179 890 3212 ne
904 3163 1033 3211 dicta
1050 3161 1156 3224 ejus
1170 3178 1405 3227 vocesque
1420 3178 1717 3227 nequaquam
1735 3163 2048 3227 intelligamus
2068 3182 2083 3224 ;
2116 3167 2244 3228 quod
2260 3176 2418 3217 autem

218 3252 373 3300 verbis
393 3246 724 3309 subintelligit,
746 3243 894 3291 multo
918 3241 1065 3305 magis
1088 3257 1174 3289 nos
1196 3240 1371 3303 lateat;
1402 3251 1453 3291 et
1473 3244 1602 3307 quod
1627 3243 1876 3292 maximum
1897 3253 1985 3302 est,
2008 3243 2146 3309 cujus
2159 3246 2306 3310 gratia
2319 3247 2419 3297 dis·

216 3331 408 3395 putatio
445 3329 566 3375 inter
600 3342 687 3373 nos
723 3323 885 3388 coepit,
908 3323 1021 3388 qnid
1057 3322 1258 3371 scientia
1292 3323 1357 3371 sit
1390 3324 1646 3388 inquirens,
1685 3324 1994 3374 indiscussum
2031 3326 2335 3390 relinquatur,
2374 3330 2416 3378 si

218 3407 505 3474 procacitati
528 3405 772 3454 verborum
796 3404 1155 3467 indulgeamus:
1191 3404 1446 3468 praesertim
1477 3421 1587 3454 cum
1617 3404 1905 3468 amplissima
1926 3407 2127 3470 quaestio
2148 3406 2252 3473 illa,
2273 3424 2416 3473 quam

218 3490 369 3538 modo
393 3486 679 3541 induximus,
697 3485 735 3533 si
760 3494 925 3549 praeter
963 3485 1255 3548 propositum
1285 3495 1336 3534 et
1363 3487 1499 3551 quasi
1532 3485 1842 3550 digrediendo
1865 3493 2102 3544 tractetur,
2124 3488 2321 3553 indigna
2341 3492 2415 3540 ni·

221 3571 367 3620 mium
391 3582 581 3632 passura
598 3566 693 3627 sit;
725 3572 776 3614 et
795 3565 835 3613 si
874 3566 1014 3614 latius
1048 3566 1353 3632 exactiusque
1388 3563 1673 3631 perficiatur,
1696 3566 1905 3614 scientim
1928 3565 2074 3631 ipsius
2095 3568 2418 3633 investigatio-

223 3666 330 3699 nem
354 3649 657 3714 impeditura.
688 3656 904 3696 neutrum
929 3662 1039 3694 vero
1062 3647 1232 3695 decet:
1265 3646 1412 3695 immo
1432 3647 1664 3695 Theaeteti
1684 3646 1825 3695 foetus
1846 3647 1967 3696 circa
1991 3649 2235 3697 scientiam
2257 3651 2418 3702 obste-

223 3732 355 3780 tricia
375 3730 598 3778 facultate
619 3728 671 3776 in
695 3728 847 3776 lucem
867 3727 1069 3776 educere
1089 3734 1139 3774 et
1159 3726 1412 3789 diligenter
1447 3725 1726 3775 examinare.
1791 3726 1924 3776 Tne.
1955 3728 2008 3776 Si
2033 3728 2100 3776 ita
2125 3729 2326 3788 videtur,
2349 3732 2417 3780 ita

222 3811 455 3873 agendum
478 3817 568 3858 est.
633 3808 720 3856 So.
754 3806 864 3854 Hoc
887 3813 1133 3870 praeterea,
1165 3805 1424 3862 Theaetete,
1443 3807 1572 3854 circa
1611 3820 1750 3868 supra
1787 3804 1913 3854 dicta
1933 3807 2194 3856 considera.
2226 3824 2416 3860 sensum

222 3906 321 3940 esse
343 3889 591 3940 scientiam
613 3886 915 3952 respondisti,
939 3902 1000 3932 an
1024 3885 1156 3933 non?
1220 3885 1351 3934 Tun.
1387 3885 1547 3936 Certe.
1612 3885 1694 3933 So.
1730 3885 1779 3932 Si
1813 3886 1918 3949 quis
1953 3886 2273 3952 interrogaret,
2295 3907 2415 3955 quo.

226 3985 329 4018 nam
350 3969 461 4019 alba
480 3975 529 4017 ct
547 3968 679 4032 nigra
702 3968 843 4014 bomo
864 3965 1046 4020 videat,
1067 3979 1223 4029 quove
1260 3971 1400 4013 acuta
1421 3973 1471 4012 et
1505 3964 1663 4027 gravia
1695 3965 1887 4012 audiat:
1922 3966 2089 4025 oculis,
2114 3975 2167 4018 ut
2202 3971 2416 4029 arbitror,

225 4057 272 4097 et
289 4050 495 4106 auribus,
515 4048 843 4113 responderes.
911 4045 1044 4095 Tua.
1077 4045 1331 4109 Equidem.
1397 4044 1485 4095 80.
1518 4044 1602 4093 Uti
1635 4044 1903 4093 nominibus
1925 4047 2171 4114 verbisque
2207 4065 2419 4099 commu..

227 4130 452 4187 nioribus,
472 4145 627 4193 neque
650 4136 814 4177 exacte
837 4126 1115 4191 curioseque
1149 4125 1423 4190 disquirere,
1446 4140 1769 4190 sepenumero
1791 4126 2005 4190 generosi
2023 4128 2170 4176 animi
2191 4137 2281 4185 est,
2301 4144 2417 4178 con-

227 4211 410 4259 trarium
432 4218 590 4258 autem
625 4208 899 4258 illiberalis:
935 4222 1275 4272 nonnunquam
1313 4216 1470 4256 tamen
1505 4204 1815 4255 necessarium
1837 4214 1927 4265 est,
1948 4208 2345 4270 quemadmodum
2369 4206 2418 4253 in

228 4291 471 4352 prasentia
493 4290 757 4342 examinare
779 4288 1006 4353 cogimur,
1024 4304 1120 4354 qua
1141 4305 1199 4337 ex
1221 4295 1353 4353 parte
1376 4287 1621 4353 responsio
1645 4296 1725 4335 tua
1746 4287 1899 4334 minus
1921 4295 2048 4335 recta
2064 4287 2140 4334 sit.
2189 4283 2419 4344 intende,

224 4385 325 4433 que
346 4372 586 4437 responsio
610 4370 796 4427 rectior,
821 4376 975 4418 utrum
996 4385 1104 4435 qum
1127 4370 1263 4433 dicit,
1284 4385 1380 4435 quo
1403 4369 1619 4419 videmus
1638 4368 1690 4417 id
1712 4366 1876 4415 oculos
1891 4380 2020 4423 esse;
2054 4379 2116 4410 an
2153 4375 2259 4425 qun
2280 4359 2419 4419 dicit,

226 4464 305 4512 per
332 4454 463 4518 quod
486 4452 716 4502 videmus.
749 4451 863 4500 item
894 4449 990 4512 ’quo
1021 4449 1237 4499 audimus
1276 4464 1428 4509 aures,
1450 4465 1512 4498 an
1538 4463 1622 4512 per
1640 4447 1770 4510 quod
1792 4442 2027 4493 audimus.
2088 4438 2218 4486 Tne.
2253 4437 2419 4488 Potius
