2917 4975
497 450 618 511 390
1403 419 1806 504 Pht-roms
2539 449 2685 527 [298

497 602 611 651 dum
632 608 781 666 agunt
799 601 927 666 quod
950 599 1092 649 modo
1116 595 1349 655 laudatur,
1371 598 1584 662 quami-is
1615 597 1979 661 haudquaquam
2013 596 2320 646 rectissimum
2358 596 2408 647 id
2428 598 2492 647 sit
2511 599 2530 647 2
2594 599 2686 651 80.

497 681 628 738 Quid
650 682 765 730 illud
785 682 804 729 ?
868 680 1027 731 Hos».
1062 680 1206 737 Quod
1246 693 1386 726 nemo
1421 678 1673 742 quicquam
1708 684 1877 741 praeter
1913 677 2043 741 leges
2079 678 2373 728 committere
2408 679 2602 745 audeat,
2633 688 2687 730 et

495 763 708 828 quisquis
728 764 892 819 audet,
912 769 1061 810 morte
1082 759 1334 808 mulctetur
1351 758 1661 822 extremisque
1678 758 1894 806 omnibus
1908 757 2158 823 suppliciis
2168 758 2416 822 affligatur.
2449 759 2508 807 Id
2525 768 2684 808 autem

497 850 569 892 est
590 844 800 892 secundo
815 842 923 891 loco
944 841 1249 890 rectissimum
1272 847 1417 903 atque
1438 838 1842 887 honestissimum:
1879 838 2029 901 primo
2049 853 2256 903 namque
2288 838 2338 886 in
2372 838 2480 888 loco
2501 855 2688 902 ponen-

496 923 628 986 dum,
648 921 777 987 quod
800 937 928 970 nune
947 930 1021 970 est
1039 921 1237 970 dictum.
1302 919 1418 976 Quo
1439 928 1597 967 autem
1620 919 1763 966 modo
1785 919 1962 977 evenit,
1982 919 2112 983 quod
2135 920 2279 968 modo
2299 919 2558 969 secundnm
2581 935 2686 968 esse

494 1001 716 1064 diximus,
735 1002 1041 1051 declaremus.
1074 1000 1244 1049 visne?
1310 1000 1397 1048 80.
1433 998 1497 1046 Et
1518 999 1718 1049 maxime
1749 998 1959 1062 quidem.
2026 998 2186 1048 Hosr.
2220 998 2481 1048 Veniamus
2510 998 2684 1048 iterum

495 1083 556 1131 ad
587 1081 834 1145 imagines,
852 1080 1025 1144 quibus
1060 1080 1211 1144 regios
1244 1078 1482 1142 principes
1516 1093 1699 1142 semper
1734 1093 2006 1143 comparare
2041 1094 2238 1128 necesse
2266 1088 2355 1128 est.
2418 1079 2505 1129 So.
2546 1080 2682 1137 Quas

493 1161 723 1225 imagines
742 1160 931 1224 inquis?
998 1160 1163 1207 Hosr.
1195 1157 1488 1207 Generosum
1511 1156 1701 1222 inquam
1740 1158 1872 1206 navis
1903 1158 2277 1222 gubernatorem,
2301 1158 2554 1222 multisque
2573 1158 2683 1208 alib

494 1241 852 1307 aequivalentem
875 1240 1127 1290 medicum.
1159 1238 1509 1289 consideremus
1521 1237 1643 1301 jam,
1666 1238 1858 1302 figuram
1883 1238 2087 1303 aliquam
2110 1239 2160 1287 in
2179 1239 2255 1287 his
2275 1238 2520 1302 tingentes.
2589 1239 2681 1290 So.

495 1321 734 1379 Qualem?
799 1320 962 1369 Hosr.
993 1319 1157 1367 Talem
1178 1318 1432 1384 quandam,
1468 1317 1615 1382 [298]
1651 1318 1847 1383 perinde
1866 1334 1923 1367 ac
1953 1319 1992 1366 si
2024 1332 2188 1367 omnes
2218 1319 2579 1368 existimaremus
2615 1321 2680 1368 ab

494 1402 590 1451 illis
611 1402 768 1466 gravia
783 1401 998 1465 quadam
1021 1399 1137 1463 pati,
1159 1399 1293 1464 quasi
1314 1414 1433 1463 quos
1455 1405 1662 1446 nostrum
1696 1414 1877 1447 servare
1911 1398 2076 1463 utique
2097 1399 2284 1461 volunt,
2304 1407 2514 1449 servent:
2551 1415 2681 1464 quos

494 1491 658 1534 contra
677 1483 891 1547 perdere,
915 1481 1126 1546 perdant,
1149 1481 1261 1528 dum
1285 1487 1461 1537 secant,
1488 1485 1643 1536 urunt,
1664 1487 1714 1527 et
1730 1479 1946 1527 instituto
1964 1479 2098 1544 quasi
2128 1481 2334 1543 quodam
2359 1480 2528 1528 tributo
2551 1495 2678 1528 mer·

493 1564 657 1614 cedern
678 1561 912 1612 referuntz
943 1575 1146 1624 cumque
1182 1560 1330 1608 multa
1360 1567 1535 1623 cogant
1561 1560 1847 1624 expendere,
1867 1560 1987 1607 nibil
2025 1568 2109 1608 aut
2127 1575 2291 1624 parum
2312 1561 2566 1609 admodum
2590 1576 2678 1624 pro

492 1651 749 1708 egrotante
769 1648 980 1706 erogant,
1002 1640 1193 1704 reliquis
1213 1646 1370 1689 autem
1391 1639 1484 1704 ipsi
1503 1638 1845 1704 familiaresque
1877 1648 2071 1689 utuntur
2093 1658 2107 1688 ε
2139 1642 2330 1689 demum
2361 1641 2572 1702 acceptis
2592 1657 2676 1704 pc·

491 1723 645 1773 cuniis
667 1723 738 1771 vel
762 1738 791 1770 a
811 1720 1025 1785 cognatis
1046 1720 1119 1769 vel
1141 1720 1203 1768 ab
1221 1719 1426 1770 inimicis
1445 1721 1716 1784 aegrotantis
1728 1721 1881 1785 ipsius
1901 1722 2018 1770 mori
2033 1737 2142 1770 eum
2164 1729 2361 1786 coguut.
2427 1719 2678 1770 Guberna-

491 1812 614 1852 tores
633 1817 822 1866 quoque
843 1800 938 1849 alia
958 1801 1174 1865 quodam
1195 1800 1338 1864 hujus
1360 1800 1544 1864 generis
1567 1800 1795 1865 permulta
1818 1808 2000 1865 patrare
2022 1801 2272 1850 dicuutur:
2306 1799 2444 1865 quasi
2459 1800 2676 1848 homines

490 1898 619 1947 stupe
641 1898 699 1931 ex
720 1881 903 1929 insidiis
921 1881 974 1928 in
994 1881 1253 1930 recessibus
1274 1881 1555 1946 quibusdam
1579 1882 1703 1930 solos
1724 1881 2068 1945 destitutusque
2097 1881 2366 1945 relinquant
2382 1887 2434 1929 et
2454 1881 2678 1929 offensio·

490 1964 631 2012 nibus
650 1961 973 2025 erroribusque
994 1961 1043 2009 in
1065 1962 1236 2026 pelago
1256 1961 1411 2018 factis,
1433 1961 1483 2008 in
1509 1976 1634 2011 mare
1657 1961 1762 2010 illos
1794 1961 2009 2026 ejiciant,
2029 1962 2079 2009 in
2098 1960 2298 2026 aliisque
2320 1960 2562 2010 nonnullis
2589 1960 2672 2009 ln-

488 2045 621 2092 dsnt.
654 2042 885 2106 fingamus
896 2042 1058 2107 itaque
1075 2056 1160 2090 nos
1182 2041 1252 2089 bis
1273 2042 1425 2090 causis
1443 2041 1686 2092 lacessitos
1706 2042 1965 2101 cmsulere,
1980 2057 2077 2106 quo
2099 2049 2239 2106 pactu
2260 2042 2585 2091 auctoritatem
2599 2042 2674 2090 bis

488 2123 663 2172 artibus
684 2123 963 2186 auferamus,
984 2137 1045 2171 ne
1066 2122 1211 2170 libere
1232 2123 1425 2171 ulterius
1443 2130 1528 2171 aut
1558 2123 1701 2172 servis
1734 2123 2001 2172 hominibus
2038 2131 2122 2171 aut
2155 2122 2310 2172 liberis
2336 2123 2639 2172 dominentur
2660 2140 2674 2170 :

489 2210 833 2268 proptereaque
864 2210 990 2253 coetu
1024 2201 1153 2250 sacto
1185 2218 1275 2250 nos
1313 2202 1440 2266 ipsos
1475 2218 1768 2268 concurrere,
1786 2213 1837 2252 et
1856 2203 1932 2252 vei
1953 2218 2138 2252 omnem
2161 2203 2391 2267 populum
2412 2218 2676 2253 convocare

487 2284 563 2332 vel
586 2283 755 2332 divites
775 2290 992 2331 tantum:
1029 2281 1112 2331 ubi
1143 2282 1286 2332 etiam
1322 2282 1508 2331 rudium
1541 2282 1783 2332 bominum
1815 2291 1866 2332 et
1898 2284 2125 2355 artificum
2160 2284 2355 2333 aliorum
2385 2284 2450 2333 de
2483 2283 2676 2348 navigio

487 2363 751 2429 morbisque
787 2363 1034 2412 consilium
1073 2362 1308 2420 audiatur,
1329 2379 1425 2428 quo
1466 2371 1606 2427 pacto
1644 2363 1839 2413 medelis
1875 2363 2195 2415 instrumentis
2228 2365 2517 2414 medicorum
2553 2380 2665 2429 erga

486 2450 688 2510 egrotos
708 2443 778 2492 uti
796 2448 1041 2508 oporteat:
1074 2443 1189 2493 item
1208 2443 1405 2492 naribus
1426 2451 1480 2493 et
1495 2457 1652 2493 earum
1673 2443 1995 2494 instrumentis
2032 2445 2095 2494 ad
2127 2446 2461 2510 navigandum,
2483 2446 2669 2510 pericu·

485 2526 626 2590 laque
647 2523 955 2588 procellarum
974 2530 1024 2571 et
1043 2521 1270 2572 fluctuum
1292 2523 1568 2580 devitanda,
1589 2531 1641 2572 et
1673 2524 1923 2588 piratarum
1945 2525 2140 2574 iusidias
2160 2527 2425 2588 evadendo,
2445 2542 2504 2575 ac
2524 2525 2667 2575 etiam

484 2605 525 2654 si
549 2605 662 2652 mari
683 2603 837 2666 longis
856 2603 1054 2651 navibus
1075 2603 1297 2651 adversus
1317 2603 1494 2651 similes
1516 2602 1577 2651 ait
1600 2605 1922 2669 pugnandum,
1953 2620 2049 2670 qua
2077 2606 2259 2656 ratione
2297 2605 2366 2653 uti
2387 2605 2460 2654 bis
2480 2606 2665 2655 deceat.

484 2685 716 2748 fingamus
736 2682 849 2730 item
869 2697 956 2729 nos
974 2681 1045 2729 his
1064 2681 1127 2731 de
1146 2682 1284 2730 rebus
1305 2682 1564 2732 sententias
1586 2684 1734 2732 turbe
1755 2684 1830 2733 vel
1865 2686 2150 2735 medicorum
2181 2685 2473 2749 quorundam
2495 2686 2667 2749 guber·

482 2770 810 2826 statuumque,
830 2761 906 2810 vel
929 2761 1113 2810 rudium
1136 2761 1396 2826 aliquorum
1420 2763 1483 2811 de
1504 2762 1579 2811 bis
1597 2764 1983 2829 consultantium,
2004 2767 2053 2813 in
2075 2766 2277 2829 publicis
2297 2768 2581 2831 quibusdam
2596 2774 2669 2815 ta·

482 2843 607 2892 bulis
626 2842 949 2906 columnisque
968 2841 1241 2899 inscribere,
1261 2849 1313 2892 et
1328 2857 1480 2891 mores
1500 2844 1729 2906 quosdam
1752 2845 1961 2909 ritusque
1979 2862 2077 2895 non
2099 2847 2314 2911 scriptus,
2331 2855 2555 2912 tauquam
2579 2863 2664 2912 pa·

483 2923 615 2980 trios,
633 2922 932 2979 constituere.
953 2924 1075 2971 adeo
1114 2931 1167 2971 ut
1197 2923 1427 2989 reliquum
1466 2939 1606 2974 omne
1642 2934 1828 2990 tempus
1847 2927 1908 2975 ad
1931 2927 2092 2976 horum
2115 2943 2321 2976 normam
2343 2929 2661 2993 navigandum

482 3004 542 3053 sit
562 3010 706 3068 atque
729 3002 1030 3052 medendum.
1094 3002 1179 3053 So.
1213 3003 1341 3051 Mira
1362 3005 1580 3068 quaedam
1599 3005 1790 3055 finxisti.
1854 3006 2017 3056 Hos?-
2049 3008 2282 3057 Prmterea
2303 3010 2556 3074 quotannis
2578 3025 2665 3073 po-

480 3083 583 3150 puli
607 3084 842 3148 principes
860 3084 1161 3141 constituere,
1181 3085 1280 3133 sive
1312 3100 1369 3133 ex
1400 3085 1626 3134 divitibus
1653 3087 1751 3135 sive
1783 3102 1841 3136 ex
1862 3089 1993 3136 omni
2016 3088 2195 3153 populo
2216 3098 2338 3138 sorte
2357 3089 2557 3151 eleetos,
2579 3089 2661 3154 qui

480 3165 749 3216 secundum
761 3164 956 3227 scriptas
974 3164 1295 3231 institutiones
1315 3171 1365 3213 et
1384 3180 1529 3213 naves
1544 3165 1808 3228 gubernent
1826 3175 1877 3215 et
1895 3168 2231 3231 egrotantibus
2251 3169 2543 3219 medeantur.
2575 3171 2668 3218 So.

479 3246 601 3295 Haec
622 3245 936 3309 superioribus
956 3259 1147 3309 quoque
1167 3245 1353 3294 duriora
1371 3246 1606 3295 videntur.
1673 3246 1834 3297 Hosr.
1870 3247 2130 3297 Videamus
2147 3258 2388 3314 preterea,
2401 3251 2528 3314 quod
2552 3251 2667 3300 binc

479 3324 706 3388 sequitur.
773 3325 895 3374 Cum
929 3327 1072 3374 annui
1107 3327 1401 3389 magistratus
1432 3324 1666 3391 cujusque
1701 3334 1886 3390 tempus
1921 3337 2136 3376 exactum
2171 3328 2329 3388 fuerit,
2351 3344 2544 3379 πωπω
2578 3331 2670 3379 erit

477 3403 734 3451 constituto
750 3403 937 3467 judicio
957 3413 1040 3453 aut
1060 3421 1117 3454 ex
1154 3405 1319 3455 electis
1353 3406 1599 3465 divitibus,
1619 3414 1705 3455 aut
1733 3422 1817 3470 per
1852 3413 2024 3456 sortem
2046 3423 2103 3455 ex
2143 3408 2358 3458 universo
2392 3408 2541 3474 [299]
2573 3426 2666 3474 po·

476 3482 612 3546 pulo,
632 3482 685 3530 in
724 3484 771 3532 id
795 3499 1025 3535 arcessere
1047 3486 1170 3535 viros
1192 3487 1537 3551 magistratibus
1570 3488 1776 3545 functos,
1797 3503 1973 3553 eosque
2002 3489 2231 3553 corrigere
2252 3505 2267 3538 ε
2302 3489 2423 3538 adeo
2445 3496 2500 3536 ut
2521 3489 2663 3538 liceat

475 3562 655 3611 volenti
675 3562 870 3611 cuilibet
888 3566 1098 3616 actiones
1118 3566 1303 3615 illorum
1326 3567 1583 3631 prateritas
1600 3568 1879 3631 improbare,
1899 3569 2036 3633 quasi
2075 3569 2212 3619 aliter
2243 3585 2384 3634 quam
2415 3569 2549 3633 leges
2579 3569 2666 3633 ju·

474 3643 618 3691 beant
640 3650 691 3692 et
712 3642 861 3708 patria
884 3646 1177 3694 consuetudo
1198 3646 1391 3705 doceat,
1409 3655 1493 3696 aut
1514 3663 1657 3697 nares
1678 3649 2038 3714 gubernaverint
2067 3659 2150 3699 aut
2183 3666 2330 3714 aegros
2360 3650 2628 3699 curaverint
2647 3668 2665 3710 ;

474 3731 524 3771 et
544 3724 626 3787 qui
649 3724 785 3772 aliter
803 3723 969 3773 fecisse
990 3723 1418 3788 deprehendentur,
1452 3729 1549 3777 lata
1581 3729 1817 3779 sententia
1837 3730 1910 3779 vel
1946 3730 2185 3795 supplicio
2206 3730 2281 3779 vel
2317 3729 2413 3778 alio
2448 3731 2657 3795 quodam

472 3802 753 3851 detrimento
772 3817 803 3851 a
817 3802 1061 3866 judicibus
1081 3804 1443 3856 damnabuntur.
1509 3809 1596 3856 So.
1629 3807 1804 3858 Nonne
1826 3811 2100 3876 quicunque
2118 3811 2410 3875 magistratus
2420 3799 2658 3876 ejusmodi

472 3887 643 3944 sponte
660 3882 904 3948 suspiciet,
927 3884 1092 3934 merito
1112 3886 1315 3949 quodvis
1336 3889 1618 3951 supplicium
1641 3889 1923 3940 damnumve
1944 3892 2152 3956 patietur
2174 3894 2193 3939 ἒ
2257 3891 2422 3941 Hosr.
2455 3892 2537 3940 Ad
2554 3891 2658 3939 bne

470 3961 665 4023 insuper
678 3960 829 4025 legem
850 3963 970 4013 ferre
988 3966 1253 4030 oportebit:
1286 3967 1326 4016 si
1359 3968 1468 4032 quis
1502 3976 1671 4033 preter
1702 3971 1898 4035 scriptas
1920 3972 2285 4022 constitutiones
2303 3972 2562 4036 navigandi
2583 3985 2658 4017 ra-

469 4042 647 4090 tionem
665 4040 869 4107 aliquam
900 4044 1088 4104 inferat,
1108 4046 1183 4095 vel
1205 4047 1480 4097 valitudinis
1514 4057 1724 4099 naturam
1757 4051 1885 4101 circa
1904 4061 2071 4100 ventos
2100 4059 2152 4101 et
2185 4052 2364 4102 calores
2398 4061 2450 4100 et
2484 4052 2660 4115 frigora

468 4129 798 4188 perscrutetur.
819 4131 869 4173 et
881 4125 1003 4173 eirca
1026 4127 1127 4176 haue
1148 4127 1339 4191 ingenio
1360 4145 1446 4177 suo
1471 4129 1825 4196 philosophetur
1845 4142 1896 4183 et
1923 4134 2112 4191 doceat,
2134 4133 2284 4196 primo
2302 4132 2495 4197 quidem
2527 4133 2660 4180 hune

468 4218 626 4268 neque
646 4204 1000 4268 gubernatorem
1022 4220 1126 4255 esse
1146 4222 1305 4272 neque
1322 4210 1558 4258 medicum
1581 4212 1940 4272 nominandum,
1961 4215 2043 4262 sed
2066 4214 2299 4264 curiosum
2319 4214 2558 4277 quendam
2571 4212 2663 4261 de·

467 4284 696 4349 lirumque
728 4285 1032 4351 sophistam:
1067 4287 1242 4337 deinde
1275 4303 1414 4352 posse
1445 4305 1476 4338 a
1505 4291 1719 4354 quolibet
1749 4293 1800 4342 in
1827 4292 2065 4357 judicium
2100 4294 2237 4351 trahi,
2274 4294 2409 4357 quasi
2440 4291 2664 4355 juniores

469 4362 584 4410 alios
605 4375 889 4431 corrumpat,
906 4369 1194 4433 suadentque
1230 4370 1599 4432 gubernatoriam
1638 4381 1687 4421 et
1723 4375 2002 4423 medicinam
2040 4382 2210 4440 preter
2243 4375 2399 4437 legum
2437 4373 2664 4420 instituta

469 4446 682 4505 tractare,
704 4459 882 4512 suoque
904 4448 1125 4499 arbitratu
1161 4464 1302 4500 naves
1340 4452 1618 4516 morbosque
1650 4468 1846 4517 curare3
1876 4471 1933 4506 ac
1966 4457 2006 4505 si
2038 4463 2205 4521 prater
2234 4454 2362 4517 leges
2393 4451 2664 4517 juvenibus
