2917 4975
184 437 289 518 41]
828 435 1242 499 APOLOGIA
1290 437 1716 501 SOCRATIS.
2275 446 2388 507 145

184 606 303 653 rare,
324 584 380 647 ut
398 612 542 663 quam
561 597 770 662 optimus
789 598 980 648 evadant.
1044 598 1163 650 11:20
1185 614 1298 664 ergo
1318 600 1472 659 vobis,
1493 600 1579 666 qui
1601 615 1676 649 me
1698 599 2071 665 condemnastis,
2082 600 2388 662 ratlcinntus,

185 675 327 725 finem
349 679 491 729 facio.
555 679 710 729 Vobis
726 687 905 743 autem,
925 681 1010 745 qni
1033 696 1108 730 me
1139 681 1422 741 absolvistis,
1444 680 1648 731 libenter
1668 682 1730 730 de
1751 681 2027 746 hujusmodi
2048 696 2116 740 re,
2138 698 2249 749 qun
2268 699 2386 734 eou—

183 756 310 823 rign,
332 761 471 809 verbu
484 760 706 818 facerem.
725 762 953 825 quamdiu
974 760 1270 826 magistratus
1290 763 1489 828 negotio
1510 762 1814 819 distinemur.
1832 764 2040 813 necdum
2055 779 2115 813 eo
2136 764 2280 823 vado.
2303 765 2389 814 ubi

183 852 257 886 nie
277 848 468 905 oportet
488 841 625 891 mori.
691 839 808 898 sed.
827 857 857 889 o
878 841 985 899 viri,
1005 841 1213 892 assistite
1227 843 1346 892 mihi
1377 843 1431 892 id
1453 850 1661 907 tempus.
1704 843 1771 892 ‚N
1779 843 1862 892 ihil
1884 843 2012 893 enim
2036 845 2273 908 probibet,
2306 846 2386 893 in-

183 918 326 967 vicem
360 921 500 986 (dum
533 921 675 987 licet)
707 922 1015 972 confabulari.
1079 921 1269 988 Nempe
1293 923 1429 973 vobis
1462 932 1688 988 tanquam
1728 925 1891 975 amici·
1918 924 2035 990 [4⁰]
2066 926 2388 976 demonstrare

181 1000 304 1059 volo,
324 1004 454 1066 quod
478 1003 596 1052 mihi
616 1004 760 1068 modo
782 1004 974 1062 occidit,
996 1003 1222 1069 quidnam
1247 1004 1396 1054 menti
1413 1004 1668 1068 significet.
1731 1006 1861 1054 Mihi
1883 1005 2098 1070 quidem,
2121 1022 2153 1056 o
2169 1005 2384 1069 judices.

179 1078 286 1142 (vos
304 1083 432 1131 enim
446 1083 644 1148 judiees
681 1092 808 1134 reete
841 1084 1082 1150 appellare
1115 1085 1356 1151 possum‚)
1389 1085 1603 1134 mirabile
1631 1086 1860 1150 quiddam
1890 1087 2110 1151 contigit.
2143 1105 2233 1136 vox
2252 1089 2383 1137 enim

178 1158 255 1207 ills
289 1162 524 1211 demonis
559 1163 855 1213 vaticinutrix
895 1163 1011 1212 mihi
1059 1180 1246 1229 semper
1274 1166 1326 1213 in
1359 1164 1590 1229 superiori
1624 1171 1837 1231 tempore
1875 1166 2146 1231 frequenter
2185 1168 2382 1218 omnino

179 1240 340 1291 offerre
361 1259 413 1293 se
433 1243 708 1307 consuevit,
722 1244 842 1293 etin
863 1244 1003 1293 rebus
1022 1243 1214 1308 quidem
1237 1243 1486 1293 levissimis
1506 1260 1558 1293 se
1579 1259 1844 1309 opponens,
1879 1245 1919 1293 si
1939 1246 2057 1310 quid
2081 1246 2235 1295 miuus
2256 1256 2385 1298 recte

177 1320 380 1372 facturus
400 1324 618 1375 fuissem.
683 1324 829 1374 Nunc
848 1333 1008 1373 nutem
1030 1340 1090 1373 ea
1110 1323 1246 1385 mihi,
1266 1339 1375 1388 qum
1394 1323 1587 1388 videtis,
1606 1324 1901 1384 neciderunt,
1919 1342 2026 1391 qun
2049 1327 2263 1390 profecto
2296 1344 2386 1391 pu-

177 1410 292 1453 taret
308 1406 488 1470 uliquis
506 1414 656 1471 atque
673 1406 983 1468 existimaret,
996 1412 1203 1454 extrema
1222 1419 1326 1453 esse
1344 1404 1590 1456 mulorum.
1615 1405 1701 1454 sed
1717 1404 1829 1453 mihi
1852 1422 2009 1470 neque
2028 1407 2175 1454 domo
2194 1409 2392 1456 exeunti

175 1468 310 1545 mane
327 1485 433 1534 Dei
457 1485 645 1550 signum
667 1485 965 1533 adversatum
984 1490 1076 1540 est,
1094 1498 1249 1548 neque
1269 1485 1385 1532 dum
1409 1484 1460 1531 in
1474 1484 1715 1551 judicium
1737 1485 2002 1551 veniebam,
2038 1501 2195 1551 neque
2225 1487 2275 1534 in
2299 1487 2392 1535 ali-

173 1580 266 1629 qua
288 1565 527 1615 sermonis
547 1572 700 1630 parte,
719 1565 834 1615 dum
856 1565 995 1613 verbe
1017 1564 1277 1614 faciebam:
1314 1565 1532 1629 quamvis
1553 1564 1669 1614 alias
1689 1564 1975 1629 frequenter,
2017 1567 2133 1614 dum
2156 1566 2391 1631 loquerer,

170 1646 223 1695 in
250 1648 419 1695 medio
433 1647 662 1695 sermonis
683 1661 820 1696 eursu
840 1647 1138 1695 consueverit
1152 1645 1390 1697 cohibere.
1423 1660 1554 1695 nune
1574 1653 1732 1696 nutem
1755 1648 1804 1695 in
1825 1647 1916 1696 bac
1945 1663 1997 1696 re
2028 1662 2279 1711 nusquam,
2312 1648 2391 1696 vel

171 1729 360 1793 agenti,
383 1727 462 1777 vel
488 1727 704 1793 loquenti
736 1735 809 1776 est
842 1728 1157 1776 adversatum.
1220 1727 1377 1786 Quam
1398 1742 1512 1776 vem
1546 1727 1688 1791 hujus
1726 1728 1791 1777 rei
1826 1743 2018 1777 causam
2059 1743 2166 1776 esse
2199 1735 2387 1792 putem,

174 1810 307 1859 vobis
329 1809 564 1875 aperiam.
628 1809 847 1873 Apparet
865 1808 1011 1867 enim,
1047 1807 1163 1857 mihi
1196 1810 1327 1873 quod
1363 1808 1584 1873 contigit,
1621 1810 1795 1858 imnum
1832 1826 1951 1861 esse.
1986 1825 2077 1859 nec
2114 1816 2243 1858 recte
2282 1808 2383 1857 ullo

178 1891 318 1939 modo
331 1891 585 1956 judientnr
603 1906 634 1939 n
653 1890 813 1949 nobis,
846 1889 1119 1955 quicunque
1142 1897 1335 1940 mortem
1358 1890 1609 1955 opinamur
1628 1906 1731 1940 esse
1753 1892 1943 1941 mulum.
2008 1890 2162 1956 Cujus
2183 1891 2381 1957 quidem

177 1970 243 2018 rei
263 1987 438 2036 magna
458 1971 589 2036 npud
612 1986 688 2020 me
709 1973 812 2021 baec
832 1981 906 2020 est
924 1970 1215 2036 conjectura,
1252 1972 1384 2037 quod
1406 1972 1593 2035 signum
1615 1972 1749 2031 mibi,
1783 1980 1835 2021 ut
1854 1973 2120 2031 consuerit,
2143 1986 2380 2038 repugna·

181 2051 333 2110 visset.
361 2052 456 2101 nisi
495 2054 671 2100 bonum
705 2051 819 2117 quid
858 2060 1046 2101 acturus
1074 2052 1284 2102 fuissem·
1347 2052 1571 2116 cogitare
1605 2061 1764 2102 autem
1801 2055 1893 2103 hoc
1928 2062 2072 2118 pacto
2109 2068 2381 2118 possumus,

181 2146 305 2195 spem
324 2133 522 2182 multam
544 2148 666 2197 esse,
701 2132 754 2181 id
775 2149 878 2182 esse
900 2133 1094 2183 bonum.
1128 2133 1329 2182 duorum
1351 2134 1478 2182 enim
1508 2134 1706 2183 alterum
1739 2150 1861 2182 mors
1891 2142 1980 2184 est.
2014 2150 2125 2183 narn
2157 2141 2242 2182 aut
2272 2142 2379 2181 tan·

179 2227 314 2276 quum
329 2213 450 2262 nibil
472 2212 671 2263 omnino
692 2213 774 2271 sit,
792 2229 980 2263 sensum
1002 2214 1183 2263 nullum
1207 2214 1352 2263 ullius
1372 2215 1439 2263 rei
1467 2213 1643 2262 retinet
1662 2214 1703 2262 is
1734 2215 1817 2279 qui
1836 2215 2040 2262 decessit
2059 2230 2088 2263 o
2108 2214 2242 2274 vita3
2275 2220 2384 2274 out,

180 2294 575 2356 quenadmodum
590 2294 781 2352 dicitur,
799 2293 1080 2359 permutatio
1101 2295 1319 2358 quedam
1341 2301 1391 2343 et
1413 2293 1756 2358 transmigratio
1778 2292 1948 2341 anima
1969 2294 2031 2341 ab
2051 2294 2213 2340 hocin
2233 2293 2379 2340 ulium

184 2371 349 2424 locum
414 2375 534 2424 Sive
553 2391 668 2440 ergo
691 2374 850 2424 nullus
871 2383 1083 2424 remanet
1100 2389 1282 2433 sensus,
1302 2375 1386 2423 sed
1409 2382 1635 2439 tanquam
1658 2389 1849 2422 somnum
1869 2373 2062 2436 quidum
2085 2381 2175 2432 est,
2212 2374 2261 2421 in
2283 2388 2382 2437 quo

183 2453 281 2517 quis
298 2457 537 2506 somnium
558 2456 712 2507 cernit
732 2456 934 2514 nullum.
968 2455 1242 2506 admirabile
1265 2456 1444 2504 lucrum
1467 2456 1556 2504 ait
1588 2455 1641 2504 in
1674 2461 1841 2505 morte.
1905 2454 2039 2504 Reor
2067 2454 2308 2519 equidem,
2341 2455 2381 2503 si

183 2550 314 2599 quem
334 2546 560 2603 oporteat
576 2539 638 2587 nd
661 2553 765 2587 earu
787 2546 996 2595 noctem,
1018 2553 1161 2602 quum
1185 2543 1318 2586 tantu
1339 2536 1567 2601 transegit
1595 2537 1777 2601 quiete,
1799 2546 1853 2584 ut
1874 2552 1936 2585 ne
1965 2536 2246 2585 insomnium
2269 2535 2379 2600 qui-

182 2615 283 2666 dem
304 2618 453 2668 ullum
477 2619 678 2677 videret,
698 2618 814 2667 alias
830 2627 996 2667 noctes
1014 2617 1214 2683 diesque
1235 2619 1343 2665 vitae
1364 2618 1510 2666 totius
1526 2618 1757 2676 conferre,
1780 2624 1923 2681 utque
1939 2618 2115 2678 dicere,
2131 2624 2255 2682 quot
2270 2616 2377 2681 ipse

186 2706 340 2748 noctes
360 2709 512 2765 utque
530 2700 636 2749 dies
656 2700 705 2748 in
728 2701 825 2748 rita
847 2699 1014 2749 melius
1034 2699 1315 2765 dulciusque
1336 2700 1600 2764 peregerit:
1637 2714 1757 2754 reor.
1778 2700 1991 2765 inquam,
2013 2701 2187 2749 nedum
2220 2699 2375 2764 privs·

186 2784 276 2826 tum
292 2779 521 2846 aliquem,
552 2781 635 2830 sed
659 2797 747 2831 nec
771 2783 991 2845 magnum
1022 2781 1214 2846 quidem
1250 2796 1429 2845 regem,
1464 2781 1647 2845 aliquas
1687 2796 1929 2830 numerare
1953 2796 2107 2844 posse.
2171 2781 2224 2829 Si
2256 2797 2374 2844 ergo

185 2858 273 2908 tale
291 2862 525 2925 quiddam
546 2870 622 2910 est
641 2878 782 2921 mors,
805 2863 984 2912 lucrum
1008 2878 1112 2911 esse
1144 2861 1368 2926 equidem
1400 2860 1550 2912 dico:
1585 2861 1789 2926 (etenim
1817 2860 1935 2909 nihil
1968 2860 2075 2924 plus
2105 2862 2197 2909 hoc
2230 2869 2376 2925 pacto

185 2945 326 2990 totum
346 2950 538 3007 tempus
558 2958 699 3008 quatu
720 2959 814 2992 nox
838 2959 935 2991 unu
954 2958 1060 2992 esse
1083 2942 1267 2990 videtur
1285 2941 1331 3004 x)
1363 2943 1438 2989 sin
1469 2948 1628 2989 autem
1669 2956 1793 2988 mors
1812 2949 1885 2988 est
1916 2949 2139 3003 tanquam
2161 2941 2378 2989 transmi-

184 3020 325 3082 gratio
344 3025 567 3088 quodam
588 3024 701 3072 hinc
718 3024 771 3072 in
793 3024 936 3073 alium
958 3023 1134 3078 locum,
1171 3036 1228 3069 sc
1248 3036 1357 3070 vera
1393 3030 1507 3069 sunt
1543 3034 1653 3083 qun
1674 3019 1913 3075 dicuntur,
1940 3018 2167 3067 videlicet
2197 3020 2247 3066 in
2282 3020 2379 3068 ulio

183 3112 379 3151 seorsum
396 3120 426 3153 a
449 3104 590 3152 nobis
610 3104 719 3153 loco
738 3117 903 3151 omnes
933 3101 1186 3150 defunctos
1216 3115 1343 3155 esse.
1364 3098 1593 3163 quidnam
1615 3097 1786 3146 melius
1804 3112 1945 3163 quam
1967 3098 2060 3146 hoc
2079 3112 2183 3146 esse
2205 3106 2380 3162 potest,

184 3196 213 3226 o
222 3179 451 3243 judiees?
520 3183 573 3230 Si
592 3184 698 3247 quis
717 3181 845 3230 euim
867 3181 985 3229 illuc
1005 3180 1266 3244 profectus,
1304 3178 1421 3227 liber
1441 3178 1505 3226 ab
1543 3177 1617 3225 his
1638 3176 1722 3242 qui
1742 3177 2020 3241 profitenter
2042 3176 2234 3241 judices
2255 3194 2378 3242 esse,

183 3258 293 3326 [41]
327 3278 467 3312 veros
484 3262 711 3325 repererit
739 3260 947 3324 judices,
970 3260 1055 3324 qui
1079 3258 1298 3322 judicsre
1329 3257 1428 3308 illic
1451 3258 1773 3322 perhibentur,
1796 3258 2033 3320 Minoem,
2070 3258 2380 3308 Rhsdma-

182 3341 331 3399 tbum,
357 3343 584 3398 AEncum,
614 3341 975 3406 Triptolemum,
1014 3338 1244 3404 aliusque,
1275 3347 1583 3405 quotcunque
1604 3329 1802 3388 semidei
1833 3338 1965 3405 juste
1985 3341 2216 3400 vixerunt,
2250 3357 2379 3390 nun-

182 3421 297 3484 quid
336 3419 580 3485 ejusmodi
602 3421 943 3485 transmigratio
965 3422 1094 3487 parvi
1117 3422 1375 3487 pendenda
1394 3420 1702 3472 censebitur?
1768 3420 1953 3471 Rursus
1974 3421 2218 3487 Orpheum
2258 3423 2376 3472 Mu-

184 3515 424 3567 seumque
445 3502 696 3552 convenire
721 3510 772 3551 et
792 3502 1054 3552 Hesiodum
1076 3511 1128 3552 et
1147 3502 1425 3564 Homerum,
1466 3518 1608 3567 quam
1639 3500 1790 3551 multo
1824 3501 1998 3566 uliquis
2020 3510 2228 3551 nostrum
2250 3504 2376 3553 redi-

188 3584 361 3633 mret?
429 3581 683 3650 Equidem,
698 3585 740 3633 si
761 3585 864 3634 hnc
884 3600 992 3634 vera
1008 3593 1137 3642 sunt,
1158 3584 1333 3649 sepius
1349 3583 1470 3632 mori
1493 3582 1653 3640 velim,
1685 3583 1869 3647 quippe
1900 3600 2006 3633 cum
2028 3583 2141 3632 mibi
2164 3583 2378 3649 inprimis

188 3661 371 3714 nirifloe
392 3671 526 3729 gruta
543 3665 605 3714 sit
623 3665 781 3714 futura
812 3666 1040 3715 habitatio
1072 3665 1154 3713 illa
1188 3675 1331 3730 atque
1367 3664 1682 3722 consuetudo,
1714 3664 2098 3730 qnandoquidem
2135 3681 2231 3715 una
2264 3681 2375 3715 cum

190 3739 437 3796 Palamede
457 3745 642 3795 futurus
657 3763 782 3804 sum,
803 3757 854 3798 et
873 3746 1043 3810 Ajace,
1063 3745 1336 3794 Telamonis
1366 3745 1487 3808 filio,
1522 3753 1574 3794 et
1607 3743 1712 3792 aliis
1748 3746 2064 3809 antiquorum,
2101 3744 2377 3812 quicunque

189 3821 298 3873 falso
319 3827 530 3876 damnati
542 3827 729 3892 judicio
746 3828 1051 3877 decesserunt
1069 3843 1100 3875 e
1120 3826 1236 3889 vita,
1254 3827 1386 3891 apud
1407 3827 1540 3891 quod
1561 3840 1691 3875 meos
1710 3840 1848 3874 casus
1860 3840 1968 3875 cum
1987 3825 2171 3874 illorum
2188 3827 2376 3876 casibus

190 3904 389 3957 conferre
411 3906 650 3972 utrinque,
671 3915 725 3956 ut
743 3907 958 3965 arbitror,
995 3922 1093 3955 non
1128 3905 1442 3970 injucundum
1479 3906 1619 3955 foret.
1683 3905 1811 3954 Illud
1846 3913 2072 3969 preterea
2105 3906 2377 3964 maximum.

190 3981 281 4034 illie
300 3987 471 4052 degere
491 3996 776 4039 scrutantem
797 3988 1009 4054 singulos
1028 3995 1173 4052 atque
1193 3987 1558 4044 exsnainnntem,
1575 3986 1973 4053 quemadmodum
2003 3986 2081 4034 hic
2101 3985 2214 4046 feci,
2247 3987 2378 4051 quis-

193 4076 290 4113 um
309 4067 494 4117 illorum
514 4069 703 4133 sapiens
725 4070 803 4126 sit,
825 4076 876 4117 et
893 4069 1022 4133 quis,
1041 4084 1151 4119 cum
1173 4082 1275 4116 non
1297 4068 1376 4125 sit,
1413 4083 1465 4116 se
1492 4075 1651 4116 tamen
1684 4066 1922 4115 existimet
1954 4067 2218 4129 sapientem
2256 4079 2377 4114 esse.

193 4141 384 4198 Proinde
403 4150 570 4214 quanti
590 4150 860 4200 faciendum
882 4157 972 4213 est,
990 4165 1022 4197 o
1036 4148 1245 4212 judiees,
1269 4148 1546 4212 perscrutari
1568 4148 1760 4206 ducem,
1782 4146 1868 4211 qui
1891 4152 2075 4194 tantum
2098 4145 2159 4192 ud
2180 4144 2374 4209 Trojam

197 4223 319 4275 ‘luxit
331 4230 622 4281 exercitum?
654 4231 728 4280 vel
752 4231 942 4281 Ulixem
973 4231 1049 4280 vel
1069 4231 1330 4296 Sisyphum
1350 4228 1564 4295 aliosque
1597 4244 1739 4294 quam
1778 4225 2021 4291 plurimos,
2057 4239 2177 4288 quos
2212 4225 2380 4271 referre

197 4306 293 4366 quis
314 4319 485 4376 potest,
503 4312 628 4360 viros
646 4320 696 4361 et
718 4312 966 4362 mulieres?
1000 4313 1280 4377 quibuscum
1312 4311 1444 4377 loqui
1465 4318 1608 4375 atque
1641 4308 1955 4359 examinando
1978 4304 2165 4358 versari.
2202 4300 2381 4349 3⁸⁸⁸st-

197 4387 367 4439 ¹mbilis
386 4407 576 4456 prorsus
594 4392 797 4443 felicitas
817 4401 956 4442 esset.
990 4394 1223 4459 siquidem
1246 4392 1389 4457 hujus
1403 4409 1571 4450 cuusn,
1586 4391 1671 4455 qui
1688 4390 1786 4439 illic
1807 4389 2008 4449 degunt,
2027 4380 2155 4427 hund
2178 4378 2383 4443 amplius

199 4468 469 4521 moriuntur:
504 4482 707 4538 suntque
727 4474 800 4526 illi
823 4473 960 4522 nobis
980 4484 1030 4523 et
1051 4474 1099 4523 in
1122 4475 1261 4522 rebus
1281 4473 1388 4522 aliis
1409 4473 1663 4526 beatiores,
1686 4479 1736 4517 et
1756 4468 1808 4514 in
1829 4480 1889 4512 eo
1911 4464 2122 4522 iusuper,
2156 4459 2287 4587 qinod
2310 4473 2384 4508 re·

327 4550 462 4602 Pzat.
487 4553 573 4602 Tr.
1358 4551 1403 4604 1.
