2917 4975
503 413 584 471 so
1388 401 1787 464 PLATONIS
2551 409 2699 486 [262

505 563 684 630 poteris
693 561 849 612 omnis
861 557 1093 613 omnibus.
1101 561 1154 604 et
1160 568 1269 620 quo
1278 561 1493 620 possunt,
1502 561 1552 604 et
1563 556 1732 620 quibus
1742 560 1956 617 possunt,
1965 554 2138 604 similia
2149 555 2343 620 fingere,
2354 562 2422 613 et.
2435 555 2529 608 alio
2538 553 2708 606 similis

508 645 603 694 ists
624 640 889 695 occulente,
910 638 962 684 in
982 636 1135 686 lucem
1156 637 1374 686 educere.
1425 635 1568 684 Pru.
1603 633 1822 690 Quonam
1844 641 1985 697 pacto
2006 634 2055 682 id
2078 635 2181 683 ais?
2216 635 2303 688 80.
2336 635 2446 685 Hoc
2467 637 2704 700 equidem.

503 722 633 771 Num
651 717 875 781 deceptio
894 717 946 765 iu
968 715 1062 777 his,
1081 731 1190 780 qum
1210 715 1428 772 multum,
1450 731 1511 763 au
1530 729 1637 777 quae
1658 729 1820 777 parum
1844 713 2089 772 differunt,
2110 715 2318 763 accidit?
2375 717 2522 781 [268]
2559 717 2704 766 Pus..

502 798 561 848 In
582 797 671 854 his,
692 812 800 861 qum
822 812 1003 861 parurn.
1068 796 1153 845 So.
1186 795 1337 858 Atqui
1367 795 1407 843 si
1440 794 1670 857 paulatim
1698 794 1952 850 transieris,
1985 793 2155 843 latebis
2176 795 2343 858 magis,
2364 797 2475 844 dum
2499 797 2561 844 ad
2585 812 2703 845 eon·

498 876 686 925 utrium
704 877 900 937 menies,
938 892 1080 940 qnam
1118 873 1160 924 si
1196 875 1353 924 subito
1389 872 1675 923 transilieris.
1741 872 1883 921 Pan.
1915 874 2100 929 Quidni
2121 876 2137 921 ?
2205 875 2288 923 So.
2323 875 2524 938 Oportet
2560 876 2705 940 igitur

501 971 628 1013 mm,
655 954 927 1021 quicunque
956 958 1240 1019 decepturus
1267 954 1331 1003 sit
1357 954 1520 1009 alium,
1552 953 1656 1016 ipse
1687 953 1880 1002 minime
1911 952 2242 1018 decipiendus,
2276 954 2631 1004 similitudinem
2654 965 2704 1004 et

500 1035 931 1085 dissimilitudinem
952 1051 1103 1086 rerum
1123 1033 1355 1099 exquisite
1373 1033 1667 1096 dignoscere.
1733 1033 1878 1081 Pine-
1909 1033 2237 1083 Necessarium
2270 1042 2358 1084 est.
2425 1035 2512 1082 80.
2546 1034 2700 1082 Num-

501 1115 617 1180 quid
654 1115 799 1178 igitur
832 1115 1120 1180 singulorum
1145 1113 1351 1162 veritatis
1369 1111 1546 1161 inscius
1578 1112 1752 1175 poterit
1782 1112 1908 1176 ejus,
1942 1115 2074 1177 quod
2106 1115 2308 1177 ignorat,
2344 1111 2699 1164 similitudinem

499 1194 551 1243 in
572 1194 797 1243 universis
818 1210 1007 1258 parvam
1027 1202 1112 1243 aut
1133 1207 1347 1257 maguam
1378 1191 1684 1256 dijudicare?
1752 1192 1893 1240 Pus.
1927 1193 2224 1257 Impossibile
2254 1194 2306 1242 id
2341 1194 2549 1264 quidem.
2614 1196 2702 1243 80.

500 1273 628 1338 Ergo
648 1273 774 1332 illos,
794 1274 876 1338 qui
900 1282 1067 1338 preter
1087 1288 1236 1322 rerum
1258 1278 1470 1320 naturam
1491 1271 1763 1336 opinantur,
1785 1273 1985 1336 falsique
2003 1281 2131 1330 sunt,
2155 1280 2343 1322 constat
2362 1280 2554 1338 propter
2571 1273 2702 1322 simi·

500 1353 726 1404 titudines
762 1355 944 1419 aliquas
977 1354 1046 1404 nte
1081 1369 1183 1401 ea„
1219 1351 1431 1400 affectos.
1499 1352 1641 1401 Pu.
1674 1352 1754 1401 sac
1775 1353 1983 1402 ..acidis
2046 1353 2132 1401 so.
2164 1337 2295 1401 mm
2339 1352 2482 1417 igitur
2525 1353 2702 1416 poterit

502 1435 772 1500 quisquam,
807 1436 850 1486 si
888 1451 984 1484 rem
1015 1431 1274 1498 quamlibet
1308 1430 1605 1494 ignoraverit,
1642 1432 1892 1481 artificiose
1929 1433 2132 1497 aliquem
2175 1433 2442 1496 sensimque
2467 1447 2498 1480 a
2518 1433 2700 1480 veroin

503 1518 788 1566 contrarium
809 1531 894 1581 per
910 1512 1235 1564 similitudines
1254 1510 1434 1574 aliquas
1453 1512 1701 1575 sigillatim
1724 1513 1984 1574 traducere,
2004 1519 2088 1561 aut
2106 1526 2302 1561 errorem
2324 1513 2448 1561 bunc
2461 1511 2512 1560 in
2525 1512 2699 1575 seipso

502 1595 689 1643 virne?
737 1597 878 1645 Prin.
912 1594 1180 1656 Nunquam.
1223 1591 1309 1640 80.
1342 1591 1681 1650 Quamobrem,
1702 1607 1731 1640 o
1753 1592 1923 1654 amice,
1944 1591 2477 1655 quicunqueyeritsoem
2498 1592 2701 1655 ignorat,

501 1679 554 1720 et
571 1672 874 1734 opinionibus
894 1672 1097 1728 ducitur,
1118 1670 1311 1721 dicendi
1331 1686 1523 1735 quoque
1543 1671 1840 1729 facultatem,
1859 1680 1914 1719 ut
1928 1672 2131 1727 videtur,
2143 1672 2337 1719 inertem
2352 1670 2545 1719 exhibet
2555 1679 2699 1735 atque

496 1749 757 1800 ridiculam.
820 1749 962 1800 Pu.
996 1750 1074 1799 Ita
1108 1751 1310 1800 videtur.
1374 1751 1458 1799 So.
1492 1749 1573 1797 An
1593 1749 1665 1798 vis
1701 1750 1752 1797 in
1791 1751 2004 1797 oratione
2041 1750 2217 1813 Lysim,
2250 1764 2388 1812 quam
2411 1749 2462 1797 in
2483 1751 2699 1800 manibus

498 1829 662 1885 habes.
683 1837 734 1878 et
751 1830 800 1878 in
822 1839 984 1878 nostra
997 1830 1318 1892 disputatione
1333 1830 1513 1886 videre,
1535 1829 1616 1876 ubi
1638 1828 1905 1886 artificiose.
1925 1835 1976 1877 et
1990 1829 2072 1875 ubi
2091 1827 2197 1877 sine
2209 1836 2309 1876 arte
2328 1828 2516 1892 agitur?
2550 1829 2694 1879 Pam.

496 1907 713 1959 Maxime
745 1909 971 1958 omnium.
1032 1909 1163 1956 nude
1200 1908 1326 1958 enim
1359 1908 1411 1956 in
1447 1908 1696 1972 presentis
1733 1907 1984 1972 loquimur,
2017 1923 2124 1956 cum
2164 1907 2394 1970 exemplis
2431 1908 2693 1972 perspicuis

495 2001 753 2038 amamus.
816 1989 905 2039 80.
937 1987 1007 2036 At
1025 1988 1153 2036 enim
1173 1988 1360 2036 fortuna
1380 1989 1584 2052 quadam
1605 1987 1840 2036 orationes
1864 1988 2006 2036 dictm
2027 1995 2154 2045 sunt,
2178 1994 2232 2035 ut
2250 1987 2455 2044 videtur,
2475 1988 2693 2052 exemplo

499 2075 831 2131 monstrantes,
861 2074 1131 2131 compotem
1178 2067 1382 2116 veritatis
1419 2066 1587 2124 virum,
1629 2068 1742 2115 dum
1779 2066 1932 2115 verbis
1967 2065 2175 2129 jocatur,
2215 2067 2396 2115 trabere
2437 2068 2692 2118 auditores.

498 2146 663 2211 Atque
683 2163 794 2211 ego,
813 2164 843 2196 0
864 2148 1086 2208 Phaedre,
1106 2146 1281 2195 locales
1302 2145 1434 2195 Deos
1454 2145 1596 2209 hujus
1616 2147 1682 2194 rei
1702 2161 1868 2195 causas
1887 2146 2094 2209 arbitror.
2127 2146 2267 2193 Forte
2287 2146 2426 2194 etiam
2449 2145 2692 2194 Musarum

498 2227 793 2291 interpretes,
813 2242 953 2289 super
971 2226 1129 2288 capita
1151 2233 1308 2273 nostra
1328 2232 1560 2281 cantores,
1583 2240 1752 2273 munus
1772 2225 1862 2272 boc
1885 2225 2020 2271 nobis
2035 2225 2388 2288 inspiraverunt.
2437 2224 2543 2289 Ego
2564 2223 2692 2274 enim

499 2307 697 2357 dicendi
715 2306 1029 2355 artemhnbeo
1051 2304 1245 2353 nullam.
1310 2304 1454 2353 Ρειε.
1477 2303 1614 2366 Esto,
1631 2310 1688 2352 ut
1707 2303 1792 2352 ais.
1826 2305 1997 2365 solum,
2018 2305 2146 2367 quod
2168 2304 2304 2360 dicis,
2324 2306 2540 2353 ostende.
2605 2305 2693 2352 80.

500 2386 612 2452 Age
630 2388 808 2450 itaque,
830 2385 1103 2448 prooemium
1122 2384 1346 2434 orationis
1366 2382 1526 2448 Lysim
1545 2383 1668 2447 lege.
1733 2384 1876 2433 Pn.
1908 2383 2123 2431 Mearurn
2156 2384 2351 2447 quidem
2371 2399 2521 2431 rerum
2542 2390 2693 2431 status

500 2466 589 2525 sic,
611 2475 667 2516 ut
695 2464 980 2523 intellexisti,
1012 2480 1064 2514 se
1085 2464 1245 2514 habet.
1309 2463 1474 2528 itaque
1507 2478 1613 2514 cum
1635 2463 1702 2512 ita
1731 2463 1810 2521 sit,
1848 2463 2242 2527 quemadmodum
2270 2463 2408 2513 nobis
2427 2464 2692 2513 conducere

498 2555 679 2609 putem,
700 2545 889 2593 audisti.
943 2545 1157 2595 Arbitror
1177 2545 1417 2609 equidem,
1441 2560 1515 2599 me
1534 2561 1632 2593 non
1653 2545 1806 2592 minus
1822 2544 1885 2592 ob
1904 2544 1955 2592 id
1978 2545 2061 2593 abs
2079 2552 2143 2600 te,
2163 2544 2333 2607 siquid
2356 2543 2553 2608 petiero,
2574 2559 2692 2593 con·

499 2631 780 2680 secuturum,
804 2624 933 2686 quod
955 2639 1113 2674 amore
1134 2625 1203 2672 tui
1223 2631 1390 2688 captus
1412 2624 1605 2673 minime
1627 2639 1749 2675 sum.
1796 2631 2163 2681 uamamstores,
2184 2640 2292 2674 cum
2315 2624 2514 2688 primum
2535 2639 2691 2673 amare

498 2702 740 2759 desierint,
763 2702 923 2752 collati
945 2705 1161 2753 beneficii
1199 2704 1417 2769 pmnitet.
1483 2704 1569 2754 80.
1605 2704 1803 2754 Deaine.
1834 2704 1885 2751 in
1923 2718 2017 2767 quo
2051 2704 2179 2752 enim
2217 2704 2303 2752 iste
2341 2703 2602 2766 delinquat,
2639 2709 2691 2755 ct

501 2781 619 2847 quid
650 2782 753 2830 sine
784 2790 883 2831 arte
910 2783 1075 2846 saciat,
1107 2785 1381 2832 dicendum.
1447 2784 1640 2832 nonne?
1708 2784 1855 2849 [268]
1889 2784 2029 2831 Pure.
2063 2783 2300 2832 Profecto.
2361 2783 2441 2831 80.
2473 2783 2556 2830 An
2587 2798 2690 2831 non

496 2868 683 2911 constat
700 2862 891 2925 cuique,
912 2865 1042 2927 quod
1062 2865 1114 2912 in
1135 2864 1257 2928 aliis,
1277 2864 1390 2911 dum
1416 2863 1669 2928 loquimur,
1690 2863 1814 2915 idem
1832 2864 2058 2913 sentimus
2073 2879 2254 2926 omnes,
2271 2863 2321 2910 in
2339 2862 2444 2911 aliis
2457 2877 2567 2911 vero
2589 2878 2688 2911 non

492 2940 622 2990 idem
642 2941 661 2993 ἒ
727 2940 869 2990 Pan:-
902 2944 1151 3001 Quamvis,
1185 2944 1315 3008 quod
1350 2944 1437 3001 ais,
1479 2943 1745 3007 intelligere
1786 2944 1949 2992 videor
1971 2961 1986 3004 ;
2022 2944 2206 3007 planius
2248 2951 2405 2991 tamen
2445 2950 2499 2990 ut
2539 2942 2690 3000 dicas,

502 3018 662 3082 cupio.
732 3020 818 3069 So.
851 3021 1058 3078 Quando
1082 3024 1187 3087 quis
1209 3023 1316 3073 ferri
1335 3039 1509 3072 nomen
1533 3024 1606 3072 vel
1627 3024 1808 3087 argenti
1834 3024 2121 3087 pronuntiat,
2143 3025 2271 3072 idem
2293 3038 2456 3071 omnes
2477 3022 2690 3086 protinus

493 3097 819 3161 intelligimus.
882 3103 1025 3155 Prile.
1092 3104 1305 3155 Prorsus.
1374 3104 1461 3157 So.
1496 3105 1647 3162 Quid,
1685 3119 1790 3152 cnm
1822 3103 1966 3166 justi,
2000 3104 2073 3152 vel
2117 3103 2227 3151 boni
2263 3117 2434 3151 nomen
2457 3103 2490 3149 ἓ.
2529 3118 2689 3151 nonne

501 3178 623 3226 alius
643 3179 738 3227 alio
759 3181 923 3244 fertur,
944 3191 1087 3246 atque
1109 3200 1216 3232 cum
1239 3184 1364 3242 aliis,
1382 3191 1434 3233 et
1454 3185 1699 3233 uobiscum
1717 3185 1808 3248 ipsi
1822 3183 2134 3246 ambigimus?
2200 3183 2342 3231 Pam.
2377 3183 2689 3246 Magnopere.

496 3257 585 3306 So.
622 3257 683 3305 In
704 3258 809 3317 aliis
840 3275 951 3321 ergo
974 3264 1309 3320 consentimus,
1344 3264 1395 3310 in
1426 3263 1533 3311 aliis
1553 3264 1868 3311 dissentimus.
1934 3264 2076 3314 Pru..
2108 3264 2188 3312 Sic
2213 3271 2301 3312 est.
2363 3262 2449 3311 80.
2481 3261 2687 3311 Ubinam

489 3336 677 3386 facilius
719 3338 818 3386 falli
857 3354 1100 3401 possumus
1120 3342 1138 3388 ἓ
1171 3349 1222 3389 et
1260 3342 1310 3389 in
1348 3340 1522 3404 quibus
1558 3343 1750 3390 istorum
1787 3342 2017 3391 rhetorica
2052 3342 2304 3405 plurimum
2326 3342 2487 3391 valet?
2542 3342 2686 3389 Pus.

493 3415 653 3474 Patet,
674 3417 724 3465 in
743 3417 914 3481 quibus
936 3420 1229 3483 ambigimus.
1264 3421 1350 3470 80.
1372 3420 1576 3485 Oportet
1595 3422 1741 3484 igitur
1760 3437 1887 3479 eum,
1908 3422 1990 3484 qui
2009 3423 2283 3471 rhetoricam
2300 3423 2686 3482 sitassecuturus,

492 3495 695 3559 primum
717 3499 820 3546 hme
844 3497 1008 3547 ordine
1030 3500 1324 3563 discrevisse,
1345 3509 1413 3562 et,
1434 3516 1541 3564 quie
1563 3502 1802 3565 utriusque
1824 3502 2000 3565 speciei
2022 3502 2182 3566 figurae
2201 3502 2314 3561 sint,
2334 3501 2615 3565 percepisse,
2636 3509 2689 3549 et

492 3574 577 3624 ubi
599 3576 797 3624 maxime
819 3577 921 3624 falli
942 3579 1249 3643 ambiguitate
1269 3581 1526 3630 multitudo
1553 3588 1730 3644 potest,
1758 3582 1839 3630 ubi
1868 3596 1964 3629 non
1996 3590 2167 3645 potest.
2233 3582 2373 3631 Pale.
2406 3581 2682 3630 Praeclaram

493 3655 750 3717 quandam,
775 3672 805 3705 o
827 3657 1058 3716 Socrates,
1079 3668 1356 3723 agnosceret
1378 3662 1603 3724 speciem,
1624 3661 1709 3726 qui
1726 3661 2013 3724 cogitatione
2033 3662 2081 3708 id
2103 3670 2310 3725 caperet.
2374 3663 2460 3710 So.
2490 3660 2684 3709 Deinde

491 3740 707 3796 oportere
727 3738 1047 3797 eumsarbitror
1066 3740 1185 3789 nihil
1207 3741 1369 3797 latere,
1390 3757 1499 3790 cum
1531 3742 1594 3789 ad
1616 3741 1799 3804 singula
1819 3741 2015 3799 venerit,
2046 3741 2129 3789 sed
2163 3751 2301 3790 acute
2323 3740 2594 3805 persentire,
2614 3739 2687 3796 id,

490 3813 553 3861 de
575 3827 671 3876 quo
693 3815 902 3865 dicturus
921 3818 1000 3876 sit,
1022 3819 1170 3868 utrius
1190 3821 1253 3868 sit
1273 3821 1472 3884 generis.
1503 3822 1644 3871 Pu.
1677 3822 1775 3870 Cur
1796 3836 1892 3871 non
1910 3822 1928 3868 ?
1993 3821 2077 3870 80.
2111 3821 2240 3878 Quid
2263 3836 2398 3885 porro
2422 3819 2644 3868 Amorem
2664 3820 2682 3866 ἓ

492 3898 647 3952 utrum
675 3895 881 3959 ambigui
913 3900 1112 3961 generis,
1142 3906 1203 3948 an
1231 3900 1420 3950 alterius
1452 3916 1557 3950 esse
1589 3901 1828 3951 dicimus?
1895 3900 2039 3950 Pale.
2071 3900 2295 3965 Ambigui
2327 3915 2529 3965 prorsus.
2597 3900 2683 3947 8ο.

489 3969 571 4019 An
592 3980 747 4037 putas,
768 3991 876 4024 euru
897 3977 984 4026 tibi
1006 3978 1085 4027 illa
1109 3980 1172 4028 de
1192 3994 1244 4029 se
1259 3980 1416 4029 dicere
1433 3996 1781 4044 concessurum,
1796 3996 1905 4045 qum
1917 3996 2056 4044 supra
2068 3981 2294 4029 dicebas?
2316 3981 2445 4044 quod
2464 3979 2685 4028 videlicet

489 4058 648 4100 amato
686 4053 822 4102 simul
857 4063 1001 4119 atque
1037 4061 1212 4107 amanti
1250 4061 1540 4123 perniciosus
1572 4071 1664 4120 est,
1698 4075 1756 4109 ac
1784 4076 1936 4109 rursus
1957 4062 2087 4125 quod
2107 4061 2317 4109 omnium
2338 4061 2588 4109 maximum
2610 4065 2685 4106 est

488 4129 757 4179 bonorum?
820 4133 964 4184 Pae..
995 4137 1125 4186 Scite
1162 4140 1386 4204 loqueris.
1449 4143 1540 4192 So.
1572 4142 1667 4191 Sed
1704 4142 1753 4190 id
1790 4157 1979 4205 quoque
2015 4141 2165 4203 dicas,
2187 4140 2304 4206 (ego
2331 4140 2458 4190 enim
2490 4146 2683 4203 propter

488 4208 696 4259 divinam
719 4212 847 4261 illam
870 4219 1230 4282 occupationem
1262 4236 1357 4268 non
1381 4222 1637 4270 admodum
1659 4220 1876 4285 memini)
1896 4236 2005 4270 num
2043 4237 2245 4270 amorem
2276 4220 2328 4269 in
2347 4218 2684 4283 disputationis

487 4287 725 4356 principio
746 4292 1022 4346 definierim.
1058 4298 1203 4357 Pu.
1237 4300 1329 4349 Per
1341 4300 1509 4353 Jovem
1525 4301 1735 4351 mirifice.
1800 4300 1881 4351 8ο.
1912 4301 1958 4349 0
1980 4309 2158 4366 quanto
2179 4300 2459 4356 sollertiores
2479 4298 2685 4349 Acheloi

486 4373 742 4441 nymphas,
758 4380 810 4423 ct
829 4374 961 4428 Pana
982 4377 1210 4431 Mercurii
1245 4379 1413 4447 lilium,
1447 4381 1593 4451 Lysis
1628 4380 1834 4448 Cephali
1865 4381 1963 4431 tilio
1994 4382 2055 4431 ad
2077 4382 2310 4433 orationes
2330 4378 2684 4444 componendas
