2917 4975
265 473 374 549 σε]
1197 466 1530 528 PHAEDo.
1844 490 1851 497 ·
2337 471 2453 533 431

265 621 563 687 prebiturus.
630 622 752 674 cnr.
784 620 850 671 Et
870 626 1011 671 tutes
1039 619 1235 685 quidem
1269 619 1416 670 ferme
1446 619 1499 667 id
1529 632 1857 683 responsurum
1890 617 2109 669 sciebam.
2143 620 2225 669 sed
2266 636 2341 671 rue
2374 621 2457 670 ille

253 702 540 767 jamdudum
560 703 784 752 stimulat.
848 703 934 751 So.
964 701 1113 750 Mitte
1130 701 1307 765 ipsum.
1370 699 1477 764 Ego
1498 715 1626 758 vero,
1649 715 1680 748 0
1711 699 1918 764 judices,
1937 701 2166 750 tutionem
2186 701 2320 749 vohis
2345 701 2448 765 jem

263 783 461 832 reddere
480 784 607 839 volo,
627 784 690 832 oh
711 798 854 847 quem
872 782 988 831 mihi
1009 782 1221 830 videntur
1240 780 1328 838 vir,
1351 780 1434 844 qui
1454 796 1540 844 per
1561 795 1747 829 omnem
1768 781 1913 829 vitem
1948 781 2214 830 incubuerit
2246 782 2458 845 philoso-

265 863 411 926 phiae,
434 863 598 911 merito
620 879 791 928 magns
805 879 912 913 cum
934 861 1112 911 fiducie
1144 860 1259 925 [64]
1289 860 1614 910 imminentem
1636 868 1908 925 exspectare
1929 868 2141 919 mortem,
2163 869 2307 926 etque
2327 863 2455 911 bons

267 957 355 1005 spe
377 958 497 1001 esse,
518 959 570 991 se
586 943 672 999 ibi,
692 950 939 1008 postquem
956 943 1068 992 hinc
1090 943 1372 1007 migraverit,
1393 942 1596 991 maxims.
1614 942 1742 991 hone
1759 949 2119 1007 reportaturum.
2150 944 2457 1006 quemadmo-

266 1022 382 1070 dum
403 1022 547 1087 igitur
566 1023 616 1072 id
637 1024 766 1072 itare
782 1025 970 1087 haheat,
991 1040 1020 1072 0
1042 1022 1235 1072 Simmis
1257 1032 1401 1087 etque
1422 1023 1597 1081 Cebes,
1616 1025 1825 1072 conabor
1844 1023 2065 1087 equidem
2086 1022 2281 1086 aperire.
2334 1023 2456 1081 Qui-

266 1118 457 1168 cunque
480 1104 825 1168 philosophiam
848 1112 975 1155 reete
998 1104 1257 1169 aliquando
1278 1104 1555 1167 attigerunt.
1575 1103 1793 1152 nimirum
1821 1103 2041 1151 videntur
2060 1103 2253 1152 latuisse
2273 1111 2458 1154 ceteros

263 1182 645 1247 homines‚-quod
667 1184 786 1233 nihil
807 1183 938 1233 uliud
957 1183 1050 1247 ipsi
1071 1191 1495 1232 commentaremur
1513 1198 1655 1247 quum
1690 1182 1808 1230 mori
1840 1189 1984 1245 utque
2017 1198 2119 1231 esse
2151 1198 2202 1231 se
2233 1191 2456 1232 mortuos.

265 1261 411 1320 Quod
428 1263 467 1312 si
487 1263 539 1311 id
561 1278 720 1311 verum
742 1270 831 1321 est,
855 1263 1187 1327 perabsurdum
1208 1261 1349 1319 soret,
1370 1261 1429 1318 si,
1446 1276 1554 1311 cum
1575 1260 1695 1309 nihil
1715 1268 1883 1325 praeter
1900 1260 1994 1309 hoc
2014 1260 2142 1309 uliud
2168 1278 2250 1326 per
2270 1278 2457 1313 omnem

264 1342 409 1391 vitum
429 1341 714 1399 studuerint,
736 1343 829 1392 hoc
849 1341 956 1406 ipso
977 1341 1281 1403 adveniente,
1303 1341 1435 1402 quod
1450 1339 1553 1403 jem
1572 1341 1657 1389 diu
1679 1340 1923 1405 agitabunt
1942 1341 2332 1405 exercehentque,
2355 1358 2459 1405 grs-

267 1422 387 1471 viter
407 1422 596 1473 ferrent.
664 1422 793 1472 Hinc
814 1423 1033 1472 Simmius
1055 1422 1281 1480 arridens,
1303 1437 1386 1486 per
1406 1422 1599 1480 Jovem,
1619 1420 1791 1486 inquit,
1812 1437 1841 1469 0
1878 1422 2107 1477 Socrates,
2131 1423 2244 1470 mihi
2263 1423 2457 1487 quidem

266 1502 396 1551 hsud
428 1502 625 1563 multum
653 1502 802 1551 ridere
837 1501 1047 1566 cupienti
1078 1501 1218 1550 risum
1253 1500 1538 1565 expressisti.
1604 1498 1732 1549 Num
1753 1500 1925 1550 multos
1945 1502 2139 1550 arbitror
2158 1503 2275 1559 fore,
2296 1502 2397 1566 qui,
2420 1503 2460 1550 si

264 1581 320 1628 id
342 1581 623 1637 audiverint,
644 1582 884 1646 aptissime
918 1581 969 1629 in
1003 1580 1311 1644 philosophos
1347 1581 1530 1629 dictum
1563 1587 1766 1645 putent:
1801 1588 2077 1645 nostrosque
2109 1582 2323 1630 homines
2341 1597 2456 1633 con-

266 1675 483 1710 sensuros
504 1667 554 1709 et
572 1661 712 1710 valde
732 1662 944 1726 quidem,
967 1660 1275 1725 philosophos
1296 1676 1379 1709 eos
1416 1676 1576 1709 revera
1612 1675 1662 1709 se
1694 1661 1825 1725 ipsos
1847 1661 1983 1710 morti
2003 1662 2244 1725 pra-here3
2276 1677 2365 1711 nec
2389 1670 2460 1711 ts-

268 1757 381 1792 men
402 1756 454 1789 se
475 1740 684 1800 latuisse,
706 1757 848 1806 quum
870 1742 1003 1807 digni
1025 1743 1123 1791 sint
1139 1748 1305 1790 morte.
1368 1741 1457 1790 So.
1491 1740 1630 1790 Forte
1664 1741 1718 1790 id
1750 1748 1895 1800 recte,
1917 1757 1948 1790 0
1979 1742 2189 1798 Simmie,
2227 1742 2458 1803 dicerent,

270 1818 514 1886 preteriti
536 1823 667 1885 quod
690 1838 742 1871 se
761 1836 861 1872 non
881 1821 1072 1871 latuisse
1104 1822 1304 1870 edduut.
1337 1819 1482 1869 latuit
1498 1835 1612 1870 sene
1633 1836 1733 1879 ees,
1753 1836 1848 1885 qua
1865 1820 2048 1871 ratione
2069 1822 2166 1869 veri
2189 1821 2460 1885 philosophi

273 1908 327 1950 et
345 1901 461 1949 mori
482 1902 704 1950 studeant
723 1910 775 1950 et
809 1909 957 1950 morte
993 1903 1089 1950 sint
1126 1901 1276 1965 digni.
1341 1900 1436 1949 Sed
1464 1900 1568 1965 jem
1607 1901 1921 1965 relinquamus
1950 1900 2080 1960 illos,
2096 1901 2324 1965 nobisque
2345 1902 2459 1966 ipsis

270 1980 534 2046 loquamur.
599 1982 890 2031 Putemusne
911 1981 1091 2046 aliquid
1113 1996 1215 2029 esse
1237 1980 1466 2029 mortem?
1530 1979 1652 2029 Sus.
1685 1979 1881 2043 Aliquid
1895 1987 2038 2029 certe.
2108 1980 2193 2030 So.
2224 1979 2461 2045 Nunquid

266 2060 398 2110 aliud
419 2077 559 2125 quam
579 2062 746 2110 suimae
767 2078 798 2111 s.
816 2076 1009 2126 corpore
1029 2059 1349 2110 solutionem?
1381 2075 1580 2125 esseque
1595 2061 1648 2109 id
1671 2068 1903 2109 mortuum
1921 2075 2043 2118 esse,
2054 2059 2237 2109 scilicet
2254 2061 2459 2109 solutum

272 2141 335 2190 ab
351 2140 507 2190 enims
527 2156 696 2206 corpus
718 2158 803 2206 per
823 2156 875 2191 se
894 2157 1101 2191 seorsum
1123 2142 1261 2191 esse?
1294 2156 1501 2190 mersum
1537 2156 1727 2206 quoque
1748 2155 1778 2190 s
1798 2155 1995 2205 corpore
2013 2140 2216 2189 enimam
2236 2141 2458 2199 solutam,

269 2221 422 2284 ipsam
443 2236 529 2286 per
547 2221 748 2286 seipsum
770 2222 997 2271 existere?
1030 2221 1246 2284 nunquid
1264 2236 1386 2269 mors
1402 2222 1670 2284 praeterhoc
1687 2220 1817 2269 sliud
1837 2220 1943 2269 est?
2007 2218 2126 2269 Sus.
2156 2218 2292 2267 Nihil
2312 2219 2459 2268 sliud.

272 2301 361 2350 So.
394 2300 670 2359 considers,
690 2302 814 2351 hone
836 2301 923 2366 vir,
941 2316 1054 2348 num
1077 2301 1164 2349 tibi
1187 2300 1311 2349 idem
1350 2312 1541 2364 quoque
1570 2307 1623 2348 et
1649 2298 1767 2348 mihi
1791 2299 2021 2348 videntur.
2053 2314 2112 2346 er.
2131 2298 2205 2347 his
2225 2299 2350 2346 enim
2372 2313 2459 2346 nos

273 2381 469 2430 arbitror
488 2380 695 2445 plenius,
717 2396 825 2445 qum
848 2380 1174 2445 perquirimus,
1194 2380 1480 2430 inventuros.
1547 2378 1813 2427 videturne
1848 2378 1938 2427 tibi
1958 2377 2233 2443 philosophi
2254 2378 2458 2427 officium

269 2476 375 2511 esse
395 2460 563 2510 sectari
595 2476 695 2520 eus,
715 2474 823 2526 qum
855 2459 1155 2526 sppellsutur
1176 2458 1460 2523 voluptates,
1481 2458 1646 2524 quales
1675 2467 1787 2508 sunt
1814 2456 2058 2525 epularum
2090 2464 2235 2523 etque
2267 2459 2463 2524 poculo·

271 2542 414 2591 rum?
479 2541 600 2589 Sur.
631 2541 838 2591 Minime
856 2541 1068 2605 quidem,
1090 2555 1120 2589 o
1151 2538 1382 2590 Socrates.
1447 2540 1536 2590 So.
1566 2540 1661 2590 Sed
1697 2540 1913 2605 nunquid
1935 2540 2272 2590 venerearum?
2336 2539 2460 2591 Sur.

271 2620 425 2670 Nullo
446 2622 607 2673 modo.
674 2622 760 2672 80.
793 2622 961 2680 Quid?
995 2621 1226 2686 reliquum
1256 2622 1464 2685 corporis
1484 2621 1666 2670 cultum
1700 2636 1762 2669 nn
1798 2620 1934 2670 multi
1965 2620 2121 2671 secere
2152 2620 2459 2685 philosophus

273 2701 363 2752 tibi
377 2701 597 2751 videtur?
629 2710 685 2751 ut
714 2702 885 2751 hebere
904 2709 1059 2751 vestes
1080 2701 1292 2767 egregius
1322 2700 1607 2767 esleeosque
1639 2707 1689 2750 et
1725 2701 1835 2759 slis,
1856 2716 1964 2766 qum
1995 2700 2123 2750 circs
2156 2716 2326 2765 corpus
2348 2708 2460 2749 sunt

271 2790 580 2845 ornamentu3
611 2790 766 2832 utrum
786 2781 923 2831 multi
942 2782 1097 2832 {seete
1113 2782 1198 2830 tihi
1217 2782 1419 2841 videtur,
1440 2796 1505 2830 sn
1522 2781 1658 2830 nihili
1680 2782 1906 2846 pendere,
1925 2781 2017 2829 nisi
2037 2788 2269 2846 quatenus
2289 2797 2462 2845 msgns

275 2868 420 2926 coget
450 2862 705 2912 necessitas
737 2861 833 2912 illis
869 2861 976 2911 uti?
1062 2862 1184 2911 Sus.
1215 2861 1341 2910 Mihi
1378 2861 1569 2925 quidem
1611 2861 1799 2912 videtur
1838 2877 1974 2910 verus
2004 2860 2315 2925 philosophus
2355 2862 2462 2914 hac

275 2942 438 2991 omnis
455 2943 820 3007 floccipendere.
886 2943 977 2991 So.
1009 2941 1092 2992 An
1125 2957 1222 2991 non
1254 2941 1344 2990 tihi
1362 2942 1549 2990 videtur
1573 2941 1810 3006 ejusmodi
1829 2940 2037 2990 studium
2057 2941 2187 2989 haud
2206 2939 2267 2987 ed
2288 2954 2461 3003 corpus

272 3023 468 3087 quidem
489 3023 742 3079 declinere,
762 3023 866 3081 sed,
885 3029 1113 3087 quantum
1133 3022 1234 3085 fieri
1256 3028 1432 3084 potest,
1453 3021 1515 3069 sh
1536 3019 1622 3069 illo
1643 3020 1885 3069 discedere
1917 3027 2061 3084 etque
2088 3019 2149 3067 ed
2172 3019 2380 3067 animum
2403 3034 2455 3067 se

270 3102 577 3151 convertere?
642 3102 764 3149 Sus.
797 3101 924 3149 Mihi
954 3101 1165 3166 quidem.
1228 3099 1315 3150 So.
1347 3098 1524 3148 Nonne
1547 3099 1692 3163 igitur
1722 3100 1771 3147 in
1803 3098 2042 3163 ejusmodi
2082 3099 2220 3147 rebus
2255 3098 2456 3163 primum

269 3180 520 3230 manifeste
541 3178 744 3245 apparet
759 3180 1066 3246 philosophus
1087 3188 1253 3244 preter
1268 3187 1448 3229 eeteros
1468 3179 1680 3228 hemines
1712 3177 1829 3246 [05]
1862 3178 2089 3242 animum,
2103 3193 2246 3243 qusm
2260 3177 2460 3226 maxime

268 3267 451 3326 potest,
471 3276 501 3308 s
521 3261 803 3311 commercio
834 3260 1045 3327 corporis
1075 3261 1354 3326 segregare?
1419 3259 1540 3310 θυι.
1572 3261 1805 3325 Apparet.
1868 3259 1955 3310 Se.
1987 3259 2168 3309 Putant
2187 3273 2296 3309 vero
2316 3257 2460 3323 pleri-

271 3356 387 3406 que,
408 3357 439 3389 ο
456 3340 669 3400 ὃὶωωία,
689 3357 797 3391 eum
820 3341 1074 3401 hominem,
1095 3341 1175 3391 cui
1194 3341 1314 3391 nihil
1336 3339 1502 3390 ulium
1521 3339 1663 3390 dulce
1682 3340 1745 3389 sit
1773 3355 1929 3404 neque
1959 3339 2056 3389 illis
2084 3340 2281 3402 fruetur,
2301 3353 2460 3388 revers

271 3422 429 3471 vivere
449 3421 808 3471 existimandum
845 3437 943 3470 non
980 3437 1104 3485 esse,
1123 3423 1209 3471 sed
1242 3436 1379 3486 pone
1410 3428 1663 3485 mortuum,
1692 3436 1800 3471 eum
1821 3421 2089 3484 voluptates
2124 3420 2330 3484 eorporis
2359 3435 2460 3477 non

269 3501 520 3566 percipiat.
584 3503 704 3553 Snr.
740 3502 994 3552 Ver-issima
1013 3518 1186 3552 nstrus-
1249 3503 1335 3553 So.
1370 3502 1505 3560 Quid
1527 3509 1683 3551 sutem
1705 3502 1830 3552 circs
1849 3500 2095 3564 sapientire
2123 3500 2275 3566 ipsius
2294 3500 2458 3564 scqui-

269 3581 525 3630 sitionem?
559 3592 712 3632 utrum
732 3583 1073 3649 impedimento
1094 3592 1168 3634 est
1186 3600 1378 3650 corpus,
1398 3583 1440 3632 si
1462 3583 1570 3648 quis
1588 3583 1747 3648 ipsum
1769 3573 1945 3632 socium
1979 3582 2041 3631 sd
2072 3580 2453 3645 investigandum

269 3661 573 3725 assumpserit
588 3679 604 3711 ι
635 3665 825 3713 necne?
858 3663 998 3728 qusle
1018 3664 1201 3729 utique,
1222 3662 1319 3714 tels
1346 3662 1530 3727 aliquid
1564 3662 1693 3712 dieo.
1757 3662 2014 3712 Hsheutne
2033 3662 2159 3711 visus
2189 3669 2241 3710 et
2270 3660 2461 3712 auditus

269 3741 514 3789 veritatem
535 3742 588 3789 in
608 3742 878 3792 hominibus
897 3744 1137 3807 aliquem?
1171 3760 1232 3793 su
1263 3744 1381 3793 tslie
1410 3744 1628 3809 quaedsm
1665 3742 1759 3808 ipsi
1782 3758 1974 3808 quoque
1996 3749 2151 3807 poeto
2171 3755 2355 3805 semper
2374 3756 2458 3791 cs-

269 3827 413 3881 nunt,
436 3818 556 3867 nihil
575 3835 661 3869 uos
682 3821 861 3880 audire,
879 3822 999 3870 nihil
1020 3823 1178 3871 videre
1198 3822 1468 3871 sincerum?
1536 3822 1692 3887 Atqui
1727 3823 1766 3870 si
1799 3822 1838 3871 ii
1869 3821 2076 3886 corporis
2110 3835 2273 3870 sensus
2289 3819 2461 3871 sinceri

268 3900 482 3963 certique
513 3914 611 3948 non
644 3908 772 3965 sunt,
793 3916 947 3965 neque
978 3901 1120 3949 etism
1151 3901 1265 3949 alii:
1300 3903 1484 3966 quippe
1515 3917 1624 3950 cum
1651 3901 1798 3950 eeteri
1832 3916 1995 3950 omnes
2014 3902 2088 3949 his
2108 3900 2458 3965 quodammodo

271 3979 526 4030 deteriores
546 3980 655 4029 sint.
686 3995 750 4029 su
770 3995 867 4029 uon
904 3981 990 4029 tibi
1012 3980 1264 4030 videntur?
1331 3981 1453 4030 Sur.
1489 3981 1702 4030 Prorsus.
1767 3977 1856 4028 So.
1885 3980 2093 4038 Quando
2127 3981 2270 4046 igitur
2300 3980 2457 4029 suimo

267 4061 511 4110 veritatem
548 4061 771 4125 attingit?
804 4063 996 4126 quando
1026 4061 1151 4111 euim
1184 4061 1365 4127 aliquid
1396 4077 1506 4111 curn
1538 4075 1736 4125 corpore
1765 4067 1919 4109 tentat
1952 4060 2252 4125 investigare,
2294 4057 2461 4122 procul

271 4140 422 4190 dubio
457 4140 696 4206 decipitur
727 4157 757 4189 a
785 4157 999 4207 corpore.
1064 4142 1186 4191 Sua.
1218 4139 1344 4190 Vere
1378 4139 1600 4206 loqueris.
1664 4140 1750 4188 So.
1783 4137 1862 4188 An
1895 4155 1993 4188 non
2029 4138 2179 4188 sicubi
2203 4137 2388 4201 proprie
2407 4136 2459 4184 in

275 4222 381 4285 ipsu
401 4220 757 4271 ratiocinatione
790 4222 845 4270 fit
875 4223 964 4271 sibi
1001 4222 1181 4287 aliquid
1213 4236 1391 4281 eorum,
1414 4237 1523 4286 qun
1546 4236 1653 4271 vere
1674 4227 1801 4278 sunt,
1833 4217 2168 4268 menifestum?
2231 4214 2352 4262 Sur.
2384 4213 2461 4262 Ita

276 4311 367 4350 est.
433 4300 517 4352 So.
550 4302 882 4352 Ratiocinstur
912 4311 1069 4354 eutem
1105 4311 1218 4353 tune
1258 4303 1456 4368 optime,
1477 4303 1669 4368 quande
1706 4304 1873 4350 horum
1908 4297 2028 4349 nihil
2058 4309 2167 4343 eum
2203 4294 2461 4357 perturbet,

276 4396 435 4445 neque
469 4382 658 4431 nuditus
694 4398 849 4448 neque
870 4385 1012 4443 visus,
1035 4400 1189 4450 neque
1222 4384 1355 4433 dolor
1388 4399 1546 4448 neque
1564 4385 1811 4447 voluptas:
1847 4380 1931 4428 sed
1952 4392 2094 4442 quum
2114 4374 2310 4422 maxime
2333 4374 2459 4438 seip-

278 4477 380 4510 sum
402 4461 454 4511 in
474 4477 522 4512 ss
543 4463 793 4529 recipiens,
815 4465 987 4516 deserit
1023 4481 1213 4532 corpus,
1233 4480 1389 4529 neque
1423 4464 1692 4530 quicquam,
1724 4461 1880 4526 quoad
1917 4457 2014 4507 fleri
2037 4462 2210 4521 Ρῡῑῦδῒι
2232 4468 2340 4503 0⁰¹³
2360 4451 2460 4522 ,ωο
