2917 4975
493 437 611 497 ιω
1393 428 1794 493 ΡιΑτοΝιε
2596 431 2709 511 [45

489 591 657 655 luisse,
676 589 830 651 uobis,
849 605 946 654 quo
968 586 1017 637 id
1035 602 1216 653 ageres,
1249 587 1382 636 omni
1402 584 1567 636 studio
1587 585 2006 637 contendentibus.
2072 585 2159 635 So·
2193 583 2328 644 Quid
2353 598 2465 633 vero
2497 599 2528 633 a
2548 583 2708 642 nobis,

494 688 526 721 o
549 671 687 720 beate
705 670 858 728 Crito,
895 671 1012 718 tnntl
1035 669 1164 733 vulgi
1180 667 1347 733 opinio
1382 667 1674 716 aestlmatur?
1708 666 2022 732 probatissimi
2043 666 2172 715 enim
2195 665 2298 724 viri,
2335 681 2536 731 quorum
2556 664 2708 730 magis

493 750 714 799 habenda
734 749 852 799 ratio
874 760 964 808 est,
984 750 1088 799 hmo
1111 751 1176 798 ita
1198 755 1331 814 gesta
1351 764 1474 806 esse,
1512 756 1569 797 ut
1597 748 1732 812 gesta
1753 755 1882 806 sunt,
1903 746 2272 798 arbitrabuntur.
2337 746 2437 796 Cn.
2470 745 2703 796 Attamen

495 831 650 893 vides,
686 847 716 878 o
736 830 972 895 Socrates,
1004 830 1230 895 compelli
1267 844 1355 878 nos
1390 828 1665 893 opinionem
1698 843 1891 894 quoque
1911 827 2042 893 vulgi
2076 842 2255 877 curare.
2290 828 2542 891 prasentia
2572 828 2703 876 enim

495 912 601 960 haee
621 911 881 973 declarant,
900 927 1036 975 posse
1056 911 1227 975 vulgus
1256 925 1354 958 non
1391 909 1585 959 minima
1606 896 1851 967 malornm,
1886 910 2033 958 immo
2055 908 2152 958 sere
2186 908 2404 964 maxims,
2443 908 2483 956 si
2521 908 2627 973 quis
2648 908 2703 956 in

495 991 684 1057 populo
702 991 949 1040 calumniis
970 991 1190 1056 agitetur,
1220 990 1407 1040 inferre.
1473 991 1560 1040 So.
1595 987 1811 1047 Utinam,
1850 1006 1881 1038 o
1920 989 2070 1046 Crito,
2110 996 2274 1054 posset
2291 989 2460 1053 vulgus
2498 989 2703 1037 maxima

494 1071 666 1122 inferre
688 1071 829 1131 mala,
852 1079 907 1120 nt
926 1071 1133 1122 vicissim
1154 1073 1357 1120 maxima
1374 1078 1538 1134 posset
1558 1070 1703 1119 bona.
1736 1080 1788 1118 et
1809 1069 1934 1119 bene
1954 1069 2146 1135 quidem
2169 1084 2220 1117 se
2245 1083 2317 1117 res
2334 1069 2545 1117 haberet.
2578 1084 2701 1117 neu·

495 1160 618 1200 trum
641 1168 750 1202 vero
774 1161 965 1218 potest3
997 1154 1181 1217 quippe
1200 1168 1311 1203 cnm
1332 1167 1489 1215 neque
1511 1150 1811 1215 prudentem,
1847 1165 2004 1215 neque
2040 1148 2387 1214 imprudentem
2411 1148 2595 1198 efficere
2616 1164 2703 1198 va-

495 1232 610 1284 lent.
642 1233 826 1282 faciunt
846 1250 955 1281 vero
975 1234 1244 1299 quodlibet,
1268 1240 1514 1297 utcunque
1531 1231 1783 1297 contingit.
1849 1230 1948 1283 Ca.
1983 1230 2104 1280 Haec
2121 1229 2313 1295 quidem
2329 1228 2397 1277 ita
2412 1230 2704 1278 sehabeant.

493 1313 575 1362 Ad
599 1314 649 1362 id
667 1331 795 1376 vero,
818 1315 1052 1371 Socrates,
1086 1314 1200 1362 milri
1222 1314 1477 1378 responde,
1508 1329 1622 1360 num
1659 1313 1778 1362 forte
1813 1310 1907 1361 mei
1946 1319 2300 1375 ceterorumque
2333 1310 2701 1359 necessariorum

497 1401 682 1443 tuorum
705 1403 946 1460 respectus
968 1403 1014 1444 te
1048 1394 1237 1452 retinet,
1275 1410 1355 1457 ne,
1380 1395 1418 1442 si
1442 1393 1554 1442 hinc
1587 1393 1805 1452 evaseris,
1828 1393 2189 1442 calumniatores
2210 1407 2297 1440 nos
2320 1402 2485 1456 postea
2505 1398 2703 1450 vetent,

495 1476 702 1541 quesite
721 1475 836 1525 hinc
869 1475 1009 1525 furati
1042 1474 1298 1525 fuerimust
1333 1490 1650 1540 cogemurque
1672 1474 1745 1523 vel
1784 1479 1933 1523 totum
1967 1470 2319 1538 patrimonium,
2342 1471 2417 1519 vel
2443 1470 2700 1535 permultas

495 1557 723 1620 pecunias
749 1557 980 1616 amittere,
1003 1555 1077 1606 vel
1113 1564 1285 1622 praeter
1315 1556 1420 1606 haec
1439 1556 1569 1605 aliud
1593 1555 1840 1621 quippiam
1864 1554 1982 1619 pati.
2046 1553 2098 1602 Si
2119 1552 2235 1618 quid
2259 1552 2355 1601 talc
2387 1551 2542 1614 times,
2577 1552 2701 1618 [45]

495 1651 653 1686 euram
674 1636 911 1700 ejusmodi
934 1653 1074 1701 pone.
1100 1636 1284 1701 justum
1314 1652 1520 1701 namque
1539 1646 1631 1694 est,
1668 1652 1755 1686 nos
1789 1646 1885 1684 turo
1920 1634 2084 1684 salutis
2124 1634 2388 1700 grsria'non
2412 1633 2503 1682 hoe
2523 1633 2700 1691 solum,

492 1733 654 1765 verum
675 1717 836 1774 etiarn,
859 1717 900 1765 si
921 1719 1201 1781 oportuerit,
1221 1718 1372 1780 majus
1394 1718 1525 1765 aliud
1549 1717 1705 1766 subire
1728 1715 2007 1781 periculum.
2073 1715 2251 1765 Verum
2274 1714 2386 1763 milri
2402 1714 2702 1778 obtempero,

491 1800 649 1862 neque
670 1796 810 1846 aliter
826 1797 989 1847 facias.
1050 1798 1135 1847 So.
1167 1797 1232 1846 Et
1252 1799 1354 1847 hec
1373 1798 1597 1863 equidem
1634 1805 1684 1846 et
1704 1797 1798 1846 slis
1830 1798 1996 1855 multa,
2028 1812 2058 1845 o
2079 1797 2231 1855 Crito,
2265 1795 2528 1845 considero.
2593 1794 2699 1844 Cn.

493 1876 576 1927 Ne
594 1879 736 1942 igitur
753 1879 855 1928 lime
877 1894 1079 1928 vereare.
1112 1894 1268 1945 neque
1288 1878 1416 1928 enim
1437 1878 1636 1928 multum
1658 1887 1731 1926 est
1765 1886 2028 1944 argentum,
2063 1879 2194 1944 quod
2232 1876 2474 1943 postulant
2503 1874 2575 1937 hi,
2606 1874 2699 1939 qui

493 1973 677 2007 servare
695 1966 742 2008 te
763 1967 908 2025 atque
927 1960 1042 2011 hinc
1071 1961 1273 2010 educere
1294 1959 1597 2025 pollicentur.
1662 1960 1814 2010 Vides
1847 1968 2095 2026 praeterea,
2130 1974 2273 2025 quam
2301 1966 2467 2007 tenues
2497 1956 2593 2005 sint
2611 1972 2701 2005 ea-

493 2038 797 2090 iumniatores
835 2041 921 2099 tui,
958 2048 1015 2090 ut
1046 2056 1144 2089 non
1166 2055 1338 2106 magna
1374 2041 1435 2089 ad
1473 2056 1555 2089 eos
1591 2039 1851 2104 placandos
1889 2039 2133 2103 largitione
2170 2039 2232 2087 sir
2250 2053 2391 2103 opus.
2451 2036 2558 2085 Tibi
2581 2052 2699 2086 vero

491 2120 711 2182 peeuniae
732 2121 906 2169 adsunt
926 2138 1061 2180 niem,
1083 2123 1144 2170 nd
1166 2122 1278 2180 hoc,
1296 2129 1351 2170 ut
1372 2122 1562 2187 opinor,
1582 2121 1884 2171 sufficientes.
1950 2120 2157 2170 Proinde
2177 2119 2218 2168 si
2240 2135 2337 2185 quo
2358 2116 2453 2167 mei
2472 2125 2695 2182 respectu

492 2198 729 2249 adductus
748 2216 844 2249 non
868 2211 1006 2267 putas
1025 2218 1152 2250 mess
1174 2202 1399 2266 pecunias
1420 2201 1701 2266 erogandas,
1722 2203 1897 2249 adsunt
1916 2199 2127 2266 hospites
2144 2199 2224 2247 isti
2241 2198 2390 2264 parati
2411 2197 2699 2262 persolvere.

491 2282 693 2344 quofum
715 2297 839 2331 unus
856 2283 999 2332 etiam
1030 2284 1123 2332 huc
1139 2284 1300 2333 attulit
1321 2282 1630 2333 sufficientem
1653 2283 1921 2347 pecuniam,
1943 2282 2004 2330 ad
2027 2283 2118 2331 hoc
2135 2281 2296 2346 ipsum
2318 2286 2543 2344 paratam,
2564 2278 2699 2327 Sim·

493 2359 610 2409 roias
626 2361 898 2412 ‘lirebsnus-
927 2363 990 2411 ad
1023 2364 1115 2413 hoc
1135 2363 1289 2427 ipsum
1309 2371 1521 2427 promtus
1557 2370 1631 2412 est
1650 2370 1701 2411 et
1735 2363 1909 2420 Cebes,
1943 2362 2119 2427 aliique
2141 2352 2379 2426 permulti.
2444 2361 2701 2419 Quamob-

491 2450 680 2505 rem,ut
700 2444 843 2494 modo
862 2444 1097 2503 dicebam,
1130 2444 1251 2494 nihil
1273 2445 1368 2494 tale
1389 2452 1590 2508 metuas,
1624 2459 1722 2510 quo
1743 2443 1899 2494 minus
1932 2458 2087 2493 serves
2116 2442 2338 2509 teipsum.
2402 2442 2497 2492 Sed
2530 2456 2696 2507 neque

493 2524 635 2572 etiarn
658 2524 794 2583 illud,
815 2526 945 2591 quod
967 2526 1016 2574 in
1032 2525 1221 2589 judicio
1242 2525 1425 2583 dixisti,
1467 2533 1516 2574 te
1548 2534 1819 2584 remoretur,
1840 2525 1881 2574 si
1900 2526 1991 2574 bne
2021 2525 2139 2574 urbe
2159 2524 2328 2587 exires,
2366 2540 2465 2589 qno
2483 2524 2699 2589 teipsum

491 2611 696 2652 verteres
718 2610 766 2652 te
787 2605 980 2653 minime
1003 2604 1288 2653 habiturum.
1321 2604 1428 2652 aliis
1444 2604 1572 2652 enim
1594 2605 1752 2654 multis
1772 2605 1823 2654 in
1845 2605 1960 2653 iocis
1981 2620 2271 2669 quocunque
2280 2606 2519 2668 profectus
2528 2603 2702 2669 fueris,

493 2690 543 2731 te
577 2683 790 2731 homines
822 2683 1014 2732 colent:
1046 2699 1102 2731 ac
1134 2681 1174 2731 si
1195 2683 1314 2732 velis
1347 2684 1399 2732 in
1428 2683 1720 2732 Thessaliam
1751 2691 1801 2732 te
1837 2684 2066 2742 conferre,
2104 2686 2308 2748 reperies
2341 2686 2444 2736 illic
2478 2686 2701 2751 hospites

493 2779 641 2820 meos,
661 2762 743 2828 qui
767 2770 814 2812 te
836 2762 1026 2827 plurimi
1057 2763 1256 2813 libenter
1286 2763 1596 2812 libentissime
1634 2763 2039 2827 complectentem
2072 2772 2321 2830 tutumque
2356 2767 2576 2830 prasidio
2603 2781 2701 2816 suo

491 2843 614 2891 adeo
629 2844 846 2903 reddent,
871 2852 923 2892 ut
945 2859 1086 2893 nemo
1103 2845 1153 2892 in
1173 2843 1417 2894 Thessalis
1448 2843 1535 2892 tibi
1565 2843 1783 2909 injuriam
1805 2844 1870 2892 sit
1888 2844 2111 2896 facturus.
2179 2846 2383 2894 Accedit
2414 2847 2475 2894 ad
2500 2849 2624 2905 haec,
2662 2865 2701 2898 ο

490 2924 724 2989 Socrates,
745 2925 874 2991 quod
898 2939 991 2974 rem
1014 2926 1208 2974 minime
1222 2925 1401 2992 justam
1423 2925 1617 2991 aggredi
1641 2925 1830 2983 videris,
1848 2926 1904 2984 si,
1925 2940 2034 2975 curn
2054 2925 2214 2974 salvus
2237 2941 2340 2974 esse
2369 2918 2537 2988 possis,
2561 2930 2704 2993 teip-

457 3041 464 3045 -
492 3019 593 3054 sum
618 3006 804 3070 perdas,
828 3007 1033 3073 taliaque
1048 3016 1212 3057 contra
1232 3014 1280 3057 te
1301 3007 1456 3059 facere
1478 3007 1688 3065 studeas,
1720 3006 1879 3072 qualia
1905 3006 2082 3056 inimici
2118 3006 2210 3072 ipsi
2230 3005 2302 3055 tui
2322 3006 2698 3071 contenderent,

489 3089 947 3155 contenderuntque,
972 3097 1019 3138 te
1037 3090 1231 3154 perdere
1253 3096 1581 3155 properantes.
1644 3088 1852 3138 Proinde
1874 3088 1996 3137 filios
2015 3104 2209 3154 quoqne
2230 3096 2338 3135 tuos
2360 3087 2558 3152 perdere
2575 3089 2695 3138 mihi

489 3168 677 3218 videris.
708 3185 831 3235 qnos
848 3186 957 3221 eum
981 3171 1125 3221 liceat
1143 3170 1231 3220 tibi
1252 3172 1455 3222 educare
1476 3179 1622 3236 atque
1640 3170 1845 3229 crudire,
1884 3169 2061 3220 deseris
2079 3169 2294 3227 omnino,
2314 3175 2365 3218 et
2384 3176 2614 3233 quantum
2635 3169 2692 3219 in

489 3255 556 3304 te,
579 3263 739 3296 eorum
761 3265 912 3299 mores
933 3250 1134 3299 fortuna
1153 3253 1427 3303 committis.
1491 3251 1733 3301 Accidunt
1753 3267 1865 3302 vero
1881 3251 1950 3300 eis
1969 3249 2296 3309 verisimiliter,
2318 3249 2478 3315 qualia
2498 3251 2688 3300 evenire

490 3327 712 3389 orphanis
743 3338 1106 3378 consueverunt.
1172 3330 1394 3380 Profecto
1433 3334 1685 3397 oportebat
1721 3348 1820 3382 non
1849 3333 2067 3397 genuisse
2101 3331 2261 3392 filios3
2292 3330 2449 3379 autin
2477 3331 2548 3380 eis
2569 3333 2687 3381 edu·

488 3406 657 3455 condis
676 3408 1040 3474 erudiendisque
1062 3408 1269 3458 laborem
1300 3427 1395 3459 nou
1433 3427 1665 3462 recusare.
1728 3411 1803 3461 Tu
1828 3429 1937 3462 vero
1968 3414 2087 3463 milri
2108 3413 2297 3471 videris,
2333 3427 2440 3477 qum
2465 3412 2687 3478 elegisset

489 3486 563 3535 vir
581 3486 739 3551 segnis
759 3503 816 3538 ae
835 3488 985 3552 piger,
1005 3503 1134 3538 nunc
1152 3489 1381 3555 elegisse:
1415 3491 1621 3541 decebst
1641 3499 1797 3540 autem
1814 3502 1978 3542 contra
1999 3495 2085 3542 viri
2105 3494 2217 3543 boni
2234 3493 2459 3558 fortisque
2475 3493 2649 3558 eligere
2666 3510 2682 3555 ς

489 3569 744 3630 praesertim
768 3576 835 3630 te,
858 3583 942 3633 per
961 3584 1149 3618 omnem
1175 3571 1317 3620 vitam
1347 3571 1531 3620 virtutis
1550 3573 1762 3621 studium
1785 3574 2101 3636 profitentem.
2168 3574 2338 3639 ltaque
2360 3587 2456 3622 non
2490 3589 2682 3638 possum

488 3654 572 3696 tus
590 3657 842 3714 nostreque
863 3650 986 3714 vice,
1006 3649 1303 3702 familiarium
1325 3661 1529 3716 tuorum,
1551 3669 1647 3702 non
1669 3649 1963 3712 erubescere,
1985 3655 2179 3714 veritus,
2197 3672 2257 3704 nc
2272 3661 2373 3704 tota
2388 3656 2491 3703 haec
2513 3670 2588 3704 res
2602 3662 2684 3703 tua

486 3728 676 3792 ignavia
696 3731 898 3795 quedam
921 3740 1081 3781 nostra
1105 3733 1173 3782 sic
1201 3740 1398 3784 tractata
1430 3735 1576 3784 fuisse
1599 3736 1828 3785 videatur.
1894 3735 1962 3784 Et
1995 3737 2194 3800 primum
2226 3738 2419 3801 quidem
2455 3736 2542 3786 ille
2570 3745 2685 3787 tune

488 3809 537 3856 in
557 3807 789 3872 judicium
812 3812 1066 3877 ingressus,
1088 3830 1196 3863 eum
1221 3815 1380 3864 liceret
1400 3831 1499 3863 non
1521 3815 1737 3880 ingredi3
1771 3818 1947 3867 deinde
1967 3818 2254 3868 concertatio
2285 3818 2389 3882 ipsa
2416 3816 2594 3882 judicii
2622 3816 2687 3865 si.

487 3889 660 3938 militer
678 3901 814 3953 acta3
848 3901 899 3941 et
917 3904 1151 3944 extremus
1171 3896 1249 3946 hic
1270 3895 1395 3960 finis,
1413 3906 1639 3961 tamquam
1662 3897 1909 3947 ridiculum
1933 3898 2178 3963 quiddam,
2214 3913 2297 3962 per
2318 3897 2553 3963 ignaviam
2575 3913 2683 3962 seg·

486 3970 746 4037 nitiernque
767 3984 970 4024 nostram
990 3977 1209 4042 effugisse
1243 3978 1359 4044 [46]
1395 3993 1485 4028 nos
1505 3979 1760 4045 videbitur,
1781 3981 1911 4045 quod
1936 3996 2024 4030 nee
2047 3995 2134 4028 nos
2154 3987 2201 4027 te
2222 3979 2576 4034 servaverimus,
2597 3993 2685 4026 ne·

485 4067 582 4117 que
604 4054 774 4117 tuipse
792 4063 856 4114 te,
880 4073 987 4106 eum
1002 4058 1055 4107 id
1078 4059 1176 4108 fieri
1198 4061 1376 4125 absque
1398 4075 1568 4125 magna
1587 4061 1866 4111 difficultate
1888 4063 2113 4126 potuerit,
2128 4061 2168 4109 si
2190 4060 2263 4110 vel
2285 4075 2448 4123 parurn
2470 4060 2523 4108 in
2545 4059 2683 4107 nobis

485 4151 599 4183 usus
619 4134 960 4202 industrieque
981 4139 1165 4192 suisset.
1232 4140 1352 4191 Haec
1369 4142 1532 4206 igitur,
1554 4159 1584 4191 o
1602 4141 1837 4201 Socrates,
1852 4144 2116 4201 considera,
2137 4159 2199 4191 ne
2222 4151 2531 4206 proeterqunm
2547 4140 2677 4205 qnod

486 4216 608 4265 mala
631 4224 758 4280 sunt,
781 4219 923 4267 etiarn
947 4219 1167 4268 dedecori
1185 4222 1269 4269 tibi
1292 4223 1523 4288 nobisque
1545 4221 1639 4270 sint
1660 4239 1674 4273 ε
1710 4224 1791 4272 sed
1815 4225 1899 4272 tibi
1921 4224 2132 4273 consule.
2164 4223 2308 4271 immo
2331 4238 2441 4271 vero
2463 4237 2562 4269 non
2575 4220 2678 4284 jam

485 4299 689 4364 amplius
706 4300 986 4349 consulendi
1010 4307 1215 4365 tempus,
1233 4304 1315 4351 sed
1331 4304 1598 4352 consultum
1613 4304 1715 4368 jam
1736 4320 1837 4354 esse
1865 4305 2089 4369 oportuit.
2122 4305 2315 4354 unicum
2340 4319 2449 4353 vero
2485 4300 2679 4351 eonsili-

487 4394 564 4426 um
587 4389 693 4439 est;
725 4381 946 4430 videlicet
968 4381 1173 4431 venienti
1198 4383 1285 4432 hac
1310 4393 1450 4433 nocte
1471 4394 1643 4436 cuncta
1670 4386 1769 4435 ime
1804 4386 1930 4436 sacta
1966 4403 2069 4436 esse
2101 4396 2333 4449 oportere.
2400 4384 2486 4432 Sin
2520 4390 2677 4432 autem

487 4458 605 4507 ultra
629 4462 878 4522 tardamus,
895 4462 1015 4511 nihil
1038 4465 1230 4515 omuino
1255 4464 1352 4515 fieri
1375 4466 1571 4518 ulterius
1592 4466 1781 4532 poterit.
1816 4468 2117 4534 quamobrem
2151 4465 2344 4517 omnino
2370 4465 2491 4515 mihi
2509 4465 2683 4514 adhibe
