2917 4975
474 452 597 512 432
1366 448 1761 509 PLA‘roms
2560 448 2688 529 [oe

479 604 832 654 communicans
852 617 1007 668 neque
1027 604 1280 669 attingens,
1302 604 1473 667 ipsum,
1495 603 1623 667 quod
1644 618 1748 652 vere
1781 609 1872 661 est,
1893 602 2103 651 affectat.
2168 603 2288 653 Sur.
2322 601 2408 651 Est
2427 603 2513 653 its.
2584 605 2688 657 so.

482 684 659 733 Nonne
680 694 729 733 et
751 686 797 733 in
820 686 910 735 hoc
934 686 1206 749 philosophi
1240 686 1420 732 animus
1455 684 1651 732 maxime
1683 684 1946 732 contemnit
1981 699 2171 748 corpus,
2195 684 2256 732 ab
2286 700 2439 748 eoque
2471 684 2694 748 aufugit,

479 765 741 830 quaeritque
778 767 1036 815 secundum
1075 766 1280 830 seipsum
1320 766 1474 813 vivere
1495 765 1513 811 ?
1594 764 1714 814 Sus.
1746 765 1977 828 Apparet.
2059 764 2144 813 80.
2178 763 2308 821 Quid
2345 780 2454 812 vero
2489 767 2612 823 haec,
2656 781 2692 813 0

481 846 709 893 Simmia?
743 846 1022 895 Dicimusne
1038 846 1221 910 justum
1243 848 1396 910 ipsum
1429 860 1533 893 esse
1566 844 1745 908 aliquid
1781 860 1842 892 an
1881 843 2035 891 nihil?
2101 844 2223 893 Sus.
2262 844 2457 907 Aliquid
2483 860 2568 907 per
2586 845 2692 893 Jo-

480 942 605 975 vem.
667 926 753 975 So.
786 925 967 975 Rursus
988 927 1143 991 ipsum
1160 927 1405 991 pulchrum
1428 926 1679 990 ipsumque
1701 925 1875 973 bonum
1899 924 2077 987 aliquid
2099 925 2237 973 esse?
2302 925 2422 972 Sur.
2454 923 2646 981 Quidni
2669 927 2692 971 ?

483 1005 568 1054 80.
602 1004 730 1053 Num
750 1006 1007 1070 aliquando
1030 1009 1193 1055 borum
1233 1007 1410 1070 aliquid
1447 1006 1597 1054 oculis
1638 1005 1921 1069 percepisti?
1985 1006 2105 1053 Sru.
2139 1004 2414 1069 Nunquam.
2480 1004 2565 1056 80.
2598 1005 2692 1053 An

481 1086 577 1133 allo
610 1086 816 1149 quodam
853 1102 991 1135 seusu
1029 1087 1234 1151 corporis
1271 1087 1470 1151 attigisti
1489 1088 1506 1133 ?
1540 1087 1709 1151 loquor
1747 1092 1902 1134 autem
1940 1088 2003 1134 de
2037 1083 2272 1140 omnibus,
2295 1084 2440 1132 veluti
2476 1085 2538 1133 de
2571 1085 2688 1148 ipsa

484 1167 828 1230 magnitudine,
849 1167 912 1215 ete
933 1168 1151 1231 sanitate,
1172 1170 1235 1217 de
1258 1169 1421 1217 robore
1442 1168 1568 1230 ipso,
1586 1182 1643 1216 ac
1676 1166 1938 1214 summatim
1977 1167 2038 1213 de
2070 1175 2328 1214 ceterorum
2369 1166 2578 1212 omnium
2600 1180 2688 1213 es-

484 1246 655 1310 sentia,
678 1246 725 1293 id
748 1254 835 1303 est,
858 1249 986 1311 quod
1010 1248 1380 1311 unumquodque
1402 1249 1491 1295 sit:
1528 1247 1740 1312 nunquid
1768 1262 1851 1311 per
1870 1261 2042 1310 corpus
2061 1246 2190 1310 quod
2215 1246 2265 1292 in
2286 1245 2360 1292 bis
2382 1245 2681 1293 verissimum

484 1333 559 1375 est
578 1326 891 1391 perspicitur?
927 1338 987 1376 an
1009 1329 1076 1379 ita
1091 1344 1142 1377 se
1165 1344 1237 1377 res
1258 1329 1415 1377 habet.
1449 1329 1721 1392 quicunque
1745 1335 1952 1375 nostrum
1977 1326 2175 1375 maxime
2189 1334 2240 1374 et
2260 1326 2562 1375 sincerissime
2593 1340 2690 1373 co-

482 1405 632 1469 gitare
655 1419 810 1456 meme
834 1425 884 1456 se
905 1417 1145 1473 comparat
1165 1410 1337 1472 ipsum,
1357 1410 1485 1473 quod
1509 1410 1778 1473 aggreditur
1800 1409 2123 1472 cogitandum,
2144 1408 2223 1456 hic
2242 1409 2450 1471 proxime
2472 1408 2531 1455 ad
2561 1423 2690 1471 cog·

483 1486 715 1537 nitionem
737 1489 886 1552 ipsius
911 1489 1127 1538 accedit?
1196 1491 1316 1539 Sru.
1351 1491 1565 1539 Prorsus.
1630 1489 1714 1539 So.
1747 1488 1924 1537 Nonne
1959 1490 2102 1551 igitur
2122 1489 2206 1537 ille
2228 1488 2471 1552 purissime
2489 1487 2716 1551 saeeret,·

485 1568 880 1632 quicunquessipsa
907 1572 1075 1619 mentis
1095 1571 1443 1634 excogitatione
1476 1586 1618 1636 quam
1651 1570 1849 1619 maxime
1883 1585 1932 1618 se
1955 1571 2015 1617 ad
2044 1570 2409 1633 unumquodque
2430 1568 2690 1624 conferret,

484 1662 642 1711 neque
662 1649 812 1699 visum
848 1650 896 1697 in
920 1652 1237 1716 excogitando
1257 1653 1487 1700 adhibens
1510 1667 1664 1715 neque
1702 1666 1889 1700 sensum
1922 1665 2109 1714 prorsus
2145 1649 2292 1698 ullum
2331 1648 2684 1697 ratiocinationi

484 1727 781 1792 conjungens
803 1747 814 1777 =
853 1730 969 1795 [66]
1007 1732 1087 1779 sed
1111 1731 1216 1795 ipsa
1236 1733 1496 1781 secundum
1519 1747 1570 1780 se
1591 1731 1741 1795 ipsam
1767 1732 1937 1780 mentis
1958 1730 2303 1794 excogitatione
2320 1730 2497 1777 sincera
2517 1737 2682 1785 utens,

484 1806 638 1870 ipsum
665 1824 748 1871 per
768 1824 817 1857 se
838 1811 1087 1874 quodlibet
1107 1812 1339 1861 sincerum
1363 1813 1567 1861 existens
1601 1813 1810 1860 studeret
1828 1812 2006 1874 venari,
2028 1812 2090 1858 ab
2124 1810 2292 1865 oculis,
2313 1810 2374 1856 ab
2406 1809 2594 1856 auribus
2615 1816 2686 1866 et,

486 1893 543 1933 ut
560 1888 1024 1954 summatim‘dicam,
1045 1905 1075 1937 a
1113 1898 1215 1940 toto
1252 1907 1447 1955 corpore
1480 1892 1616 1948 liber,
1639 1898 1807 1954 utpote
1834 1891 2132 1954 perturbante
2154 1889 2377 1946 animum,
2401 1903 2556 1951 neque
2577 1904 2689 1951 per-

482 1966 702 2016 mittente
722 1969 961 2017 veritatem
981 1970 1355 2033 sapientiamque
1395 1971 1598 2034 assequi,
1623 1970 1662 2018 si
1697 1971 1890 2033 quando
1921 1969 1971 2016 in
1993 1969 2374 2019 communionem
2396 1968 2682 2031 recipiatur?

483 2045 566 2094 An
588 2060 683 2095 non
707 2048 784 2095 bic
814 2046 922 2113 erit,
940 2062 970 2096 0
1000 2049 1212 2105 Simmia,
1233 2050 1273 2097 sl
1306 2051 1412 2113 quis
1435 2064 1643 2112 unquam
1666 2050 1806 2113 alius,
1844 2050 2010 2113 ipsius,
2041 2050 2171 2113 quod
2196 2063 2303 2097 vere
2342 2055 2431 2103 est,
2466 2063 2682 2111 compos.

479 2127 605 2178 Snr.
638 2126 844 2177 Mirifice
864 2145 971 2178 vera
993 2129 1214 2193 loqueris,
1236 2130 1471 2179 Socrates.
1537 2130 1625 2180 So.
1660 2129 1837 2178 Nonne
1860 2131 2072 2193 igiturex
2090 2130 2162 2177 his
2175 2128 2393 2177 omnibus
2413 2127 2677 2176 necessarie

484 2210 714 2272 sequitur,
736 2210 1006 2274 opinionem
1033 2210 1266 2273 ejusmodi
1290 2211 1514 2275 legitimis
1534 2210 1829 2275 pbilosophis
1851 2226 2000 2275 usque
2035 2210 2158 2258 adeo
2184 2216 2398 2258 constare
2419 2209 2609 2265 debere,
2631 2215 2688 2256 ut

483 2290 543 2337 ad
569 2305 618 2337 se
639 2289 839 2338 invicem
863 2290 930 2338 ita
954 2291 1204 2355 loquantur
1226 2293 1244 2339 ?
1312 2291 1589 2342 Necessaria
1605 2292 1706 2357 jam
1728 2292 1908 2340 ratione
1929 2291 2245 2348 conciuditur,
2265 2305 2353 2339 nos
2372 2289 2574 2352 quadam
2607 2304 2687 2336 ra-

484 2370 627 2418 tionis
644 2370 792 2434 ipsius
814 2371 890 2419 via
905 2373 965 2420 ad
988 2373 1039 2421 id
1061 2373 1453 2422 considerandum
1477 2374 1689 2437 perduci,
1711 2372 1934 2420 videlicet
1950 2373 2103 2420 donec
2125 2386 2299 2435 corpus
2314 2371 2555 2428 habemus,
2575 2370 2681 2417 aui-

483 2467 681 2517 musque
703 2459 861 2501 noster
881 2458 1013 2502 tanto
1039 2454 1161 2504 malo
1182 2455 1270 2503 erit
1288 2455 1540 2512 admixtus,
1559 2469 1801 2519 nunquam
1820 2468 1907 2502 nos
1928 2452 1996 2510 id,
2012 2451 2143 2516 quod
2160 2451 2496 2508 desideramus,
2517 2465 2681 2498 verum

483 2533 545 2581 ad
567 2542 729 2582 votum
760 2541 1110 2583 consecuturos.
1179 2535 1526 2599 Impedimenta
1560 2535 1687 2582 enim
1728 2548 1866 2598 paene
1903 2532 2264 2581 innumerabilia
2296 2547 2468 2595 eorpus
2501 2532 2681 2595 praebet

486 2620 680 2678 propter
698 2613 1003 2662 necessariam
1022 2613 1128 2676 ejus
1148 2616 1433 2663 alimoniam.
1476 2622 1701 2679 praeterea
1721 2613 1868 2662 morbi
1889 2611 2028 2661 nobis
2059 2613 2172 2660 hinc
2187 2612 2454 2660 incidentes
2486 2611 2683 2660 investi·

485 2693 725 2756 gationem
748 2692 953 2742 veritatis
973 2692 1271 2757 impediunt:
1307 2696 1558 2753 amoribus,
1581 2694 1936 2759 cupiditatibus,
1962 2692 2224 2750 timoribus,
2246 2691 2684 2756 multiplicibusque

481 2770 783 2836 imaginibus,
806 2772 965 2820 multis
998 2773 1207 2838 denique
1236 2775 1376 2839 nugis
1408 2790 1495 2822 nos
1527 2774 1713 2838 implet,
1743 2783 1798 2821 ut
1817 2773 2058 2822 verissime
2087 2773 2272 2822 dicatur
2291 2771 2411 2820 nihil
2434 2773 2570 2835 pensi
2593 2788 2683 2819 un-

481 2866 624 2916 quam
644 2868 700 2901 ac
721 2852 818 2900 veri
850 2852 985 2902 nobis
1015 2853 1194 2903 afferre.
1257 2854 1383 2903 Nam
1421 2856 1481 2903 ad
1522 2853 1663 2910 bella,
1685 2855 1747 2902 ad
1779 2855 2054 2912 seditiones,
2078 2855 2137 2901 ad
2176 2867 2358 2917 pugnas
2391 2851 2514 2900 nihil
2549 2853 2682 2900 aliud

483 2945 624 2995 quam
664 2947 834 2997 corpus
868 2932 1132 2998 multiplex,
1172 2933 1369 2999 ejusque
1400 2934 1687 2999 cupiditates
1723 2932 1920 2997 impelli.
1989 2933 2163 2982 Omnia
2203 2932 2325 2980 enlm
2365 2933 2684 2996 pecuniarum

486 3013 636 3077 gratia
657 3013 795 3064 fiunt.
859 3014 1092 3064 Pecunias
1124 3022 1280 3064 autem
1314 3030 1521 3081 quaerere
1551 3016 1760 3079 cogimur
1791 3014 1998 3078 corporis
2038 3013 2199 3078 gratia,
2221 3012 2324 3060 usui
2356 3011 2460 3076 ejus
2483 3012 2690 3061 inservi-

485 3101 637 3152 entes,
659 3103 802 3159 atque
823 3094 891 3143 ita
906 3095 976 3153 fit,
997 3102 1051 3144 ut
1061 3104 1253 3161 propter
1268 3096 1369 3146 binc
1391 3096 1550 3144 omnia
1573 3111 1598 3144 a
1623 3094 1934 3159 philosophie
1956 3094 2122 3144 studiis
2144 3093 2478 3144 abstrahamur.
2511 3092 2685 3142 Extre-

484 3191 613 3224 mum
645 3191 756 3225 vero
778 3176 987 3226 omnium
1009 3185 1096 3236 est,
1118 3180 1247 3242 quod
1269 3178 1307 3226 si
1327 3177 1445 3242 quid
1472 3179 1532 3226 ab
1564 3177 1670 3242 ipso
1692 3177 1776 3224 otii
1799 3177 1936 3225 uobis
1952 3175 2214 3239 contingat,
2238 3189 2419 3238 nosque
2440 3175 2502 3223 ad
2526 3175 2680 3223 consi-

484 3257 743 3306 derandum
767 3255 948 3321 aliquid
969 3257 1277 3313 conferamus,
1299 3255 1692 3322 investigantibus
1723 3257 1862 3306 nobis
1890 3271 2046 3305 rursus
2075 3256 2254 3320 ubique
2283 3270 2387 3304 sese
2411 3271 2682 3321 opponens,

486 3335 689 3385 tumultu
712 3338 919 3401 quodam
941 3339 1180 3402 perturbat
1201 3338 1424 3396 animum,
1445 3345 1496 3387 et
1530 3339 1667 3402 quasi
1704 3337 1974 3401 percutiens
2006 3335 2164 3384 reddit
2191 3335 2462 3393 attonitum,
2485 3337 2608 3384 adeo
2629 3343 2686 3384 ut

484 3415 577 3463 hoc
608 3415 852 3465 obstaculo
883 3417 1101 3482 impediti
1122 3434 1280 3468 verum
1317 3419 1582 3484 perspicere
1615 3434 1919 3483 nequeamus.
1986 3417 2207 3467 Ceterum
2241 3417 2382 3466 nobis
2417 3432 2576 3466 revera
2597 3418 2681 3465 de·

484 3501 791 3544 monstratum
828 3505 917 3556 est,
938 3499 978 3546 si
1009 3499 1200 3562 quando
1233 3507 1449 3565 optamus
1480 3514 1598 3564 pure
1638 3498 1819 3564 aliquid
1854 3497 2134 3562 intelligere,
2173 3499 2392 3547 recedere
2431 3513 2462 3545 a
2482 3512 2680 3560 corpore

485 3582 700 3641 oportere
721 3582 865 3640 atque
885 3577 990 3641 ipso
1012 3579 1171 3628 animo
1192 3593 1265 3629 res
1286 3580 1414 3645 ipsas
1434 3580 1747 3631 considerare.
1779 3586 1925 3644 atque
1956 3586 2088 3644 tunc,
2108 3585 2164 3627 ut
2194 3585 2410 3643 apparet,
2433 3586 2680 3640 compotes

483 3657 737 3706 evademus
757 3655 879 3720 ejus,
901 3657 1032 3721 quod
1052 3659 1347 3725 affectamus,
1363 3659 1561 3725 cujusve
1598 3668 1833 3710 amatores
1853 3658 2124 3724 profitemur
2145 3673 2233 3707 nos
2254 3673 2375 3715 esse,
2400 3656 2584 3707 seilicet
2604 3671 2680 3704 sa·

481 3737 693 3800 pientio,
713 3752 820 3787 cum
842 3737 1061 3787 videlicet
1082 3739 1253 3788 mortui
1272 3740 1513 3798 fuerimus,
1533 3741 1932 3807 quemadmodum
1948 3739 2185 3803 significat
2197 3739 2318 3787 ratio
2339 3756 2351 3785 ι
2387 3739 2501 3785 dum
2519 3744 2673 3785 autem

481 3816 710 3875 vivemus,
730 3833 1045 3884 nequaquam.
1068 3833 1240 3884 nempe
1262 3820 1303 3868 si
1324 3821 1442 3869 nihil
1464 3837 1573 3870 cum
1597 3836 1791 3884 corpore
1814 3835 1928 3886 pure
1944 3820 2144 3869 discerni
2169 3826 2346 3884 potest,
2359 3834 2388 3866 e
2407 3818 2588 3865 duobus
2607 3816 2674 3862 al·

481 3903 658 3943 terum:
695 3905 779 3945 aut
805 3899 936 3948 nullo
972 3902 1114 3949 modo
1152 3915 1400 3966 possumus
1432 3902 1678 3952 scientiam
1716 3899 1954 3964 consequi
1979 3907 2064 3948 aut
2104 3907 2213 3964 post
2255 3905 2472 3947 mortem.
2535 3895 2675 3943 Tuuc

479 3975 606 4023 euim
624 3975 805 4023 animus
828 3978 930 4041 ipse
950 3995 1035 4043 per
1054 3981 1257 4045 seipsum
1282 3982 1371 4030 erit
1389 3997 1596 4030 seorsum
1618 3996 1648 4028 a
1685 3979 1800 4047 [0⁷]
1830 3993 2059 4044 corpore3
2094 3980 2222 4043 prius
2235 3994 2346 4026 vero
2363 3990 2676 4041 nequaquam.

484 4055 647 4121 Atque
670 4055 785 4104 dum
808 4055 1022 4115 vivimus,
1050 4061 1118 4108 ita
1138 4078 1154 4121 3
1186 4070 1239 4109 ut
1262 4062 1464 4118 videtur,
1481 4062 1690 4126 proxime
1711 4062 1771 4110 ad
1795 4062 2039 4110 scientiam
2057 4059 2339 4109 accedemus
2361 4058 2404 4106 si
2420 4073 2563 4121 quam
2593 4055 2679 4103 mi·

482 4138 659 4187 nimum
683 4153 792 4187 cum
814 4151 1007 4202 corpore
1030 4140 1356 4188 commercium
1378 4141 1692 4200 habuerimus,
1717 4155 1872 4206 neque
1910 4140 2161 4205 quicquam
2185 4151 2291 4188 cum
2315 4138 2400 4187 illo
2421 4137 2682 4187 communi·

481 4221 759 4278 caverimus,
782 4218 874 4269 nisi
898 4226 1125 4285 quantum
1148 4234 1327 4268 summa
1350 4229 1492 4286 cogat
1510 4221 1794 4284 necessitas;
1828 4237 1983 4286 neque
2014 4220 2156 4285 hujus
2192 4228 2358 4267 natura
2379 4217 2681 4282 replebimur,

482 4303 565 4349 sed
589 4302 650 4350 ab
671 4300 775 4364 ejus
796 4299 1080 4366 contagione
1101 4299 1386 4356 cavebimus,
1409 4301 1570 4366 quoad
1604 4303 1721 4352 deus
1752 4303 1854 4366 ipse
1893 4317 1981 4351 nos
2003 4302 2170 4351 solvat.
2236 4301 2397 4363 Atque
2418 4299 2489 4346 ita
2511 4298 2618 4361 puri
2640 4307 2688 4345 et

482 4392 513 4425 a
533 4381 743 4444 corporis
765 4380 945 4431 insania
971 4381 1171 4440 liberati,
1193 4390 1247 4430 ut
1270 4391 1635 4432 consentaneum
1659 4391 1747 4441 est,
1769 4399 1874 4431 cum
1900 4383 2072 4432 talibus
2106 4383 2295 4439 erimus,
2319 4394 2685 4444 cognoscemus-

483 4471 576 4516 que
592 4474 675 4520 per
696 4461 933 4523 nosipsos
970 4464 1201 4512 sincerum
1234 4463 1499 4527 quodlibet,
1525 4466 1572 4513 id
1607 4475 1694 4522 est,
1718 4464 1909 4513 forsitan
1947 4462 2102 4528 ipsum
2141 4477 2316 4511 verum.
2351 4475 2459 4508 nam
2499 4460 2685 4524 impuro
