2917 4975
502 363 573 421 η
1385 352 1787 416 Phi-roms
2537 355 2696 432 [248

495 520 625 563 extra
644 513 832 566 colum.
864 512 1020 562 locum
1041 524 1150 559 vero
1170 509 1545 573 supercoelestem
1567 523 1724 574 neque
1743 493 1994 572 quisquam
2014 512 2275 556 nostrorum
2311 503 2510 554 nudavit
2530 505 2692 554 adhue

495 592 763 658 poetarum,
784 608 939 656 neque
959 606 1167 654 unquam
1190 605 1276 653 pro
1307 588 1542 654 dignitate
1572 589 1802 637 laudabit.
1866 588 2012 636 babet
2042 603 2094 636 se
2124 602 2235 636 vero
2256 588 2306 635 in
2327 588 2458 635 hunc
2479 587 2696 640 modum.

496 672 767 722 audendum
790 680 863 720 est
882 672 1006 722 enim
1030 686 1187 720 verum
1209 671 1385 727 dicere,
1407 671 1663 733 prasertim
1687 669 1751 718 de
1773 669 1968 717 veritate
1981 667 2214 732 loquenti.
2265 667 2378 715 Sine
2397 666 2574 722 colore,
2588 665 2696 714 sine

495 752 663 815 figura,
704 750 807 801 sine
850 760 1000 810 tactu,
1038 753 1245 801 essentia
1287 766 1393 799 vere
1436 750 1684 807 exsistens,
1726 749 1897 797 animm
1939 748 2249 812 gubernatore
2285 747 2389 796 solo
2441 745 2694 795 intellectu

497 831 850 894 contemplante
873 834 1037 897 utitur,
1059 834 1186 882 circa
1207 847 1348 896 quam
1381 846 1503 879 vero
1523 830 1734 879 scientiar
1767 844 1916 894 genus
1947 830 2075 877 hunc
2102 829 2247 877 babet
2265 828 2440 876 locum.
2504 825 2694 894 Utpore

494 910 638 974 igitur
669 911 764 961 Dei
783 913 1013 976 cogitatio
1036 913 1285 962 intellectu
1319 918 1369 961 et
1391 911 1592 961 scientia
1621 910 1921 959 immaculata
1942 925 1995 958 se
2015 915 2219 972 vertens,
2237 906 2465 972 cogitatio
2497 921 2695 970 quoqne

498 989 652 1039 omnis
671 991 858 1056 animai,
875 1007 1172 1058 quoeunque
1192 991 1553 1042 convenientem
1575 990 1667 1040 sibi
1688 990 2012 1040 conditionem
2034 996 2306 1052 susceptura
2317 993 2408 1049 est,
2418 985 2595 1034 intuita
2611 1000 2697 1049 per

497 1076 684 1134 tempus
704 1071 754 1119 id
776 1073 905 1136 quod
928 1079 1017 1130 est,
1049 1079 1274 1121 contenta
1304 1072 1514 1120 veritatis
1545 1069 1966 1134 contemplatione,
1997 1069 2201 1118 nutritur
2230 1075 2282 1116 et
2310 1067 2505 1130 gaudet,
2536 1066 2693 1114 donec

496 1150 674 1200 circulo
708 1153 763 1201 in
801 1153 928 1202 idem
961 1153 1340 1203 circumferentia
1371 1153 1556 1201 referat.
1621 1151 1681 1200 In
1719 1153 1812 1199 hoc
1846 1158 2004 1199 autem
2040 1148 2244 1199 circuitu
2273 1146 2508 1211 conspicit
2541 1145 2692 1209 ipsam

492 1228 742 1293 justitiam,
774 1234 1008 1297 conspicit
1038 1232 1409 1298 temperantiam,
1442 1219 1679 1297 conspicit
1709 1231 1984 1281 scientiam:
2020 1245 2117 1278 non
2149 1245 2246 1293 qua
2275 1228 2403 1276 adsit
2433 1226 2694 1291 generatio,

497 1325 589 1360 nec
609 1327 701 1376 qua
722 1313 816 1361 alia
835 1313 1015 1362 alicubi
1035 1314 1167 1362 sitin
1199 1314 1313 1377 alio,
1347 1313 1514 1377 quales
1549 1313 1773 1361 videlicet
1804 1320 1916 1360 sunt
1935 1327 2117 1375 eorum,
2147 1324 2257 1374 qum
2276 1324 2364 1357 nos
2398 1307 2531 1356 entia
2565 1322 2693 1354 nunc

497 1392 792 1456 appellamus
808 1412 824 1455 3
855 1393 1104 1451 sedillam,
1125 1409 1233 1457 qua
1254 1393 1305 1441 in
1327 1409 1404 1451 eo,
1435 1394 1566 1457 quod
1598 1401 1672 1442 est
1702 1407 1788 1441 ens
1819 1407 1946 1453 vere,
1977 1391 2172 1440 scientia
2194 1397 2297 1438 est:
2330 1396 2382 1437 et
2410 1388 2505 1435 alia
2523 1387 2692 1434 eodem

499 1473 660 1535 modo,
686 1489 794 1539 quae
829 1486 938 1523 vere
969 1480 1100 1537 sunt,
1137 1473 1399 1538 speculata,
1434 1480 1580 1536 atque
1617 1472 1691 1520 his
1727 1471 1950 1528 enutrita,
1981 1471 2169 1519 subiens
2189 1484 2341 1517 rursus
2361 1469 2484 1516 intra
2503 1467 2693 1525 eoelnm,

498 1550 691 1601 domum
712 1554 969 1602 revertitur.
1033 1554 1154 1603 Cum
1174 1561 1332 1602 autem
1354 1553 1565 1615 redierit,
1594 1552 1774 1615 auriga,
1807 1552 1868 1599 ad
1903 1566 2115 1616 praesepe
2145 1551 2312 1597 sistens
2343 1563 2511 1611 equos,
2532 1545 2701 1609 objicit

498 1626 591 1678 illis
626 1632 924 1691 ambrosiam,
962 1641 1012 1680 et
1046 1640 1159 1695 post
1195 1634 1345 1694 ipsam
1383 1640 1545 1680 nectar
1575 1632 1854 1693 potandum.
1921 1631 2082 1694 Atque
2119 1630 2221 1677 haec
2250 1627 2461 1676 Deorum
2492 1635 2567 1675 est
2588 1627 2701 1674 vita·

503 1709 774 1757 Ceterarum
820 1725 928 1757 vero
965 1711 1222 1757 animarum
1262 1709 1376 1771 alia,
1412 1708 1560 1769 [248]
1594 1709 1774 1770 optime
1812 1707 1972 1757 Deum
2009 1716 2189 1765 secuta,
2224 1707 2484 1772 similisque
2510 1708 2698 1762 effecta,

502 1787 671 1836 extulit
702 1788 751 1835 in
782 1775 1159 1851 supercoelestem
1193 1787 1349 1836 locum
1384 1786 1557 1849 auriga
1591 1795 1754 1851 caput.
1788 1794 1839 1834 et
1869 1803 1976 1836 eum
2009 1788 2115 1852 ipsa
2151 1785 2525 1836 circumferentia
2561 1786 2696 1835 simul

504 1868 664 1917 delata
685 1875 776 1925 est,
799 1870 883 1916 sed
906 1868 1174 1931 perturbata
1206 1867 1266 1914 ab
1288 1866 1452 1930 equis,
1485 1874 1536 1914 et
1556 1867 1633 1914 vix
1653 1882 1733 1928 ea,
1753 1881 1861 1931 qum
1898 1883 2006 1916 vere
2039 1875 2165 1926 sunt,
2194 1868 2385 1917 intuita.
2451 1867 2564 1916 Alia
2587 1883 2692 1916 vero

509 1949 652 1996 modo
689 1956 836 2012 caput
866 1948 1053 2006 extulit,
1092 1949 1235 1996 modo
1269 1946 1520 1996 submisit:
1554 1957 1605 1995 at
1645 1947 1932 1995 violantibus
1953 1948 2107 2011 equis,
2144 1948 2314 2011 partim
2348 1948 2470 1996 vidit
2488 1950 2696 2012 quidem,

506 2029 678 2095 partim
701 2045 810 2078 reto
833 2045 929 2078 non
950 2029 1088 2078 vidit.
1155 2026 1279 2077 Alias
1300 2035 1456 2076 autem
1480 2027 1667 2090 animm,
1702 2026 1980 2076 affectantes
2010 2027 2199 2090 quidem
2235 2042 2398 2076 omnes
2415 2029 2699 2091 superiorem

507 2109 685 2166 locum,
718 2117 1007 2173 sequunturz
1040 2125 1149 2158 cum
1184 2124 1297 2158 vero
1331 2116 1590 2172 nequeant,
1624 2108 1874 2157 submersa·
1906 2107 2307 2162 circumferuntur,
2341 2107 2578 2160 calcantes
2597 2124 2702 2157 sese

506 2186 709 2238 invicem
728 2197 873 2254 atque
894 2190 1237 2248 incumbentes,
1258 2189 1353 2237 alia
1373 2189 1514 2238 aliam
1536 2188 1699 2253 praeire
1720 2188 2030 2238 contendens.
2095 2187 2347 2235 Tumultus
2368 2187 2527 2251 igitur,
2543 2197 2595 2238 et
2603 2205 2704 2238 eer-

507 2276 683 2333 tamen,
702 2277 752 2319 et
770 2272 912 2319 sudor
933 2270 988 2319 fit
1004 2276 1239 2320 extremus
1257 2273 1286 2318 ι’
1304 2270 1388 2318 nbi
1409 2270 1600 2335 quidem
1621 2270 1885 2333 aurigarum
1904 2268 2022 2316 vitio
2043 2266 2204 2315 multo
2225 2266 2516 2332 claudicant,
2539 2270 2702 2318 multa

507 2350 680 2399 multas
711 2367 895 2416 pennas
925 2352 1249 2416 confringunt,
1285 2367 1451 2400 omnes
1483 2366 1613 2411 vero,
1648 2364 1816 2414 magno
1850 2348 2103 2412 implicata
2136 2347 2312 2405 labore,
2345 2357 2563 2412 expertes
2580 2349 2703 2414 ejus,

508 2432 639 2495 quod
662 2448 768 2481 vere
788 2441 878 2497 est,
897 2433 1135 2490 intuendi,
1157 2433 1441 2482 discedunt:
1470 2438 1582 2497 post
1603 2430 1861 2480 discessum
1876 2444 1986 2477 vero
2001 2428 2229 2477 alimento
2246 2435 2443 2476 utuntur
2456 2430 2702 2495 opinabili.

508 2509 646 2573 cujus
679 2512 874 2575 quidem
904 2514 1050 2576 gratia
1082 2515 1257 2561 multus
1296 2514 1419 2561 inest
1455 2520 1677 2573 conatus,
1713 2512 1921 2560 veritatis
1959 2525 2153 2573 campus
2189 2510 2383 2572 ubinam
2417 2511 2498 2576 sit,
2518 2512 2707 2563 intueri.

511 2604 623 2637 nam
660 2605 719 2638 ex
751 2590 1022 2654 hujusmodi
1064 2600 1197 2656 prato
1233 2594 1413 2656 optima
1447 2593 1521 2641 vis
1556 2592 1728 2640 animm
1756 2591 2114 2642 convenientem
2145 2589 2322 2654 accipit
2341 2591 2628 2651 alimoniam,
2661 2607 2711 2644 et

511 2669 691 2718 alarum
714 2678 897 2729 natura,
919 2687 1013 2736 qna
1032 2672 1188 2721 anima
1208 2672 1434 2729 elevatur,
1457 2674 1549 2721 hoc
1584 2672 1738 2723 alitur.
1804 2671 2086 2736 Regulaque
2119 2669 2355 2720 Adrastia
2388 2671 2528 2733 Deae,
2546 2674 2598 2722 id
2617 2684 2709 2740 est,

512 2750 796 2799 inevitabilis
816 2754 1039 2811 numinis,
1061 2755 1161 2803 hec
1183 2761 1273 2811 est,
1296 2760 1369 2815 ut,
1393 2768 1691 2817 quaecunque
1702 2753 1859 2801 anima
1876 2752 2035 2801 Deum
2057 2751 2280 2801 comitata
2293 2752 2476 2816 aliquid
2495 2770 2707 2804 verorum

490 2826 793 2894 'in-pexerit.
827 2848 886 2881 ea
918 2824 1069 2897 usque
1103 2834 1167 2881 ad
1205 2834 1454 2882 circuitum
1491 2833 1634 2881 alium
1670 2834 1735 2882 sit
1774 2832 2041 2882 indemnis:
2075 2842 2126 2882 et
2146 2831 2187 2880 si
2222 2848 2408 2897 semper
2437 2836 2530 2884 hoc
2550 2835 2707 2886 faeere

515 2919 679 2974 queat,
702 2912 762 2959 sit
783 2898 966 2977 semper
986 2914 1146 2962 illaesa.
1180 2915 1219 2961 si
1239 2930 1349 2963 vero
1370 2913 1607 2979 impotens
1627 2915 1910 2979 assequendi
1930 2929 2027 2963 non
2044 2913 2314 2978 inspexerit,
2336 2922 2387 2963 et
2404 2931 2518 2964 casu
2539 2917 2705 2981 aliquo

518 3006 623 3051 usa,
645 2993 919 3058 repletaque
939 2994 1180 3044 oblivione
1203 3002 1254 3044 et
1289 2996 1519 3061 pravitate
1538 2992 1768 3059 gravetur,
1803 3003 1994 3058 gravata
2011 3002 2170 3045 autem
2193 3011 2372 3060 pennas
2403 2996 2705 3062 confregerit,

514 3070 567 3120 in
587 3080 848 3141 terramque
880 3077 1135 3127 ceciderit:
1174 3064 1543 3140 tunc’prohibet
1574 3077 1648 3124 lex
1680 3077 1802 3124 hanc
1832 3074 1885 3122 iu
1920 3075 2068 3139 prima
2098 3076 2396 3138 generatione
2423 3075 2707 3141 irreliqunm

513 3156 743 3206 brutalem
764 3156 833 3204 ire
854 3164 1065 3205 naturam
1094 3175 1110 3218 ς
1141 3159 1225 3207 sed
1241 3157 1384 3221 jubet
1403 3173 1525 3215 eam,
1548 3172 1655 3222 qun
1677 3155 1878 3221 plurima
1899 3155 2087 3213 viderit,
2111 3156 2158 3204 in
2177 3157 2436 3221 genituram
2449 3156 2537 3203 viri
2559 3157 2708 3207 futuri

515 3234 807 3299 philosophi,
844 3242 929 3280 aut
947 3235 1310 3297 pulchritudinis
1344 3236 1524 3298 cupidi,
1557 3244 1641 3285 aut
1661 3236 1846 3293 musici,
1878 3244 2022 3300 atque
2043 3236 2256 3285 amatorii
2276 3254 2292 3296 ;
2323 3250 2426 3285 eam
2447 3252 2575 3294 vero,
2596 3254 2706 3302 quae

515 3313 725 3362 secundo
748 3312 871 3367 loco,
886 3311 938 3358 in
948 3327 1104 3375 regem
1119 3312 1399 3376 legitimum,
1410 3324 1494 3362 aut
1507 3316 1781 3364 bellicosum
1798 3315 1944 3364 virum
1959 3325 2008 3364 et
2023 3316 2372 3380 imperatorium
2387 3318 2704 3370 descendere:

512 3393 672 3454 tertio,
696 3393 746 3441 in
766 3392 1118 3456 gubernatorem
1141 3393 1431 3458 reipublice,
1452 3403 1539 3443 aut
1572 3394 1640 3444 rei
1659 3394 1900 3444 familiaris
1932 3398 2322 3461 dispensatorem,
2354 3398 2428 3444 vel
2468 3407 2708 3461 questus·

515 3474 666 3522 rium:
700 3480 886 3536 quarto,
908 3472 957 3520 in
979 3473 1260 3522 laboriosum
1284 3474 1648 3538 gymnasticum,
1684 3483 1769 3523 aut
1795 3476 1920 3525 circa
1951 3477 2179 3526 medelam
2214 3490 2466 3538 curamque
2496 3478 2710 3541 corporis

516 3561 803 3616 remanum
824 3568 839 3603 ε
863 3554 1048 3617 quinto,
1070 3554 1118 3602 in
1140 3571 1240 3617 eos,
1258 3553 1342 3620 qui
1364 3563 1495 3605 vates
1515 3556 1661 3605 futuri
1682 3565 1810 3615 sunt,
1831 3564 1881 3606 et
1900 3559 2026 3608 circa
2040 3558 2262 3622 mysteria
2278 3556 2494 3621 quadam
2516 3574 2529 3605 ε
2554 3565 2709 3618 sexto,

516 3634 568 3684 in
590 3634 801 3699 poetam}
833 3634 910 3683 vel
925 3635 1068 3682 alium
1090 3637 1301 3699 quemvis
1321 3652 1502 3694 eorum,
1523 3639 1608 3702 qui
1628 3646 1740 3702 apte
1761 3638 1812 3687 in
1833 3638 2096 3688 imitatione
2115 3644 2356 3687 versantur
2375 3654 2389 3685 z
2411 3638 2634 3700 septimo,
2657 3638 2710 3686 in

517 3714 741 3763 artificem
760 3714 835 3761 vel
858 3714 1141 3778 agricolam:
1177 3723 1366 3775 octavo,
1387 3717 1438 3765 in
1462 3718 1721 3782 sophistam
1741 3726 1792 3767 et
1813 3718 2119 3782 popularem:
2140 3733 2284 3775 nono,
2314 3718 2367 3765 in
2391 3718 2709 3781 tyrannicum.

517 3795 577 3843 In
606 3794 681 3842 his
719 3800 877 3842 autem
915 3796 1131 3843 omnibus
1163 3796 1436 3860 quicunque
1462 3796 1594 3861 juste
1621 3799 1768 3846 vitam
1810 3799 1976 3862 egerit,
2021 3806 2193 3847 sortem
2227 3804 2395 3862 postea
2424 3799 2711 3847 nanciscitur

518 3872 782 3923 meliorem:
819 3874 904 3936 qui
923 3889 1029 3922 vero
1047 3874 1243 3938 injuste,
1264 3877 1557 3927 deteriorem.
1611 3878 1670 3926 Iu
1692 3878 1818 3927 idem
1839 3878 1982 3936 enim,
2003 3878 2131 3926 unde
2153 3877 2367 3943 profecta
2386 3885 2462 3926 est
2481 3877 2710 3942 cujusque

518 3953 693 4007 anima,
706 3952 841 4000 annis
853 3952 1016 4000 decem
1028 3953 1228 4002 millibus
1238 3971 1334 4004 non
1349 3958 1606 4005 revertitur.
1624 3974 1735 4006 nam
1745 3960 1843 4007 alas
1853 3965 1965 4006 aute
1977 3958 2068 4006 hoc
2089 3957 2293 4020 spatium
2317 3972 2414 4004 non
2436 3967 2711 4021 recuperati

520 4040 688 4100 preter
708 4032 833 4080 illius
856 4033 1075 4088 animam,
1096 4032 1179 4095 qui
1199 4034 1558 4098 philosophatus
1580 4046 1654 4085 est
1673 4039 1775 4087 sine
1795 4038 1925 4096 dolo,
1952 4038 2099 4101 [249]
2123 4038 2197 4085 vel
2223 4042 2315 4084 una
2330 4052 2440 4084 cum
2461 4037 2708 4100 sapientias

519 4112 677 4164 studio
709 4111 1105 4176 pulchritudinem
1140 4113 1329 4162 amavit.
1393 4114 1487 4161 Hm
1518 4117 1710 4180 quidem
1746 4118 1881 4166 tertio
1914 4117 2096 4166 ambitu
2128 4116 2256 4166 mille
2287 4132 2536 4174 annorum,
2560 4118 2603 4166 si
2640 4126 2713 4167 ter

519 4197 647 4244 lianc
659 4194 810 4257 ipsam
825 4192 1054 4255 deinceps
1070 4189 1298 4255 elegerint
1316 4192 1476 4256 vitam,
1489 4195 1556 4244 sic
1572 4197 1854 4261 reeuperatis
1870 4197 1976 4255 alis,
1993 4205 2101 4261 post
2120 4205 2186 4245 ter
2207 4196 2508 4246 millesimum
2531 4212 2705 4247 annum

519 4276 712 4326 evolant
745 4273 988 4323 abeuntes.
1049 4269 1175 4319 Alia
1214 4288 1322 4321 vero
1360 4275 1547 4331 animas,
1586 4277 1746 4339 primm
1786 4277 1894 4325 vitas
1928 4279 2069 4326 finem
2102 4284 2386 4334 consecuta,
2412 4277 2708 4340 judicantur.

513 4356 745 4420 judicate
763 4359 937 4411 autem,
957 4351 1061 4402 aliae
1081 4352 1170 4402 sub
1203 4355 1392 4404 terrain
1419 4354 1596 4419 judicii
1628 4357 1783 4408 locum
1816 4364 2000 4416 euntes,
2033 4357 2220 4407 meritas
2251 4357 2348 4408 illic
2377 4372 2543 4422 poenas
2564 4358 2707 4408 susti·
