2917 4975
219 463 371 541 416]
1102 459 1549 522 CRATYLUS.
2304 467 2421 525 325

219 616 471 680 quodlibet
507 628 682 663 nomen
716 612 890 678 cuique
926 612 995 662 rei
1035 613 1356 679 unumquisque
1393 615 1633 664 tribueret.
1700 614 1888 665 Haasr.
1923 614 2051 665 Vera
2094 631 2269 668 narras.
2333 620 2421 670 80.

220 698 350 747 Vera
384 697 544 761 plane.
577 697 661 745 sed
695 695 822 744 enim
859 695 1227 744 mediocritatem
1264 696 1502 759 quandam
1541 703 1686 759 atque
1721 696 1944 745 decorum
1984 713 2165 749 servare
2200 707 2247 748 te
2282 701 2424 749 decet

221 778 470 841 praesidem
507 775 786 841 sapientem.
853 775 1038 823 Hunis.
1073 775 1120 823 Ο
1170 774 1369 826 utinam.
1433 776 1520 826 80.
1556 775 1707 840 Atqui
1750 784 1801 826 et
1843 778 1965 841 ipse,
2002 795 2033 826 0
2077 778 2423 845 Hermogenes,

222 865 358 920 opto.
393 871 552 905 verum
575 871 638 904 ne
657 862 824 904 exacta
844 856 1040 903 nimium
1064 855 1375 912 discussione,
1391 856 1461 904 vir
1476 857 1611 915 felix,
1627 858 1858 921 exquiras,
1894 857 2041 923 [41⁶]
2077 875 2138 908 ne
2155 860 2249 910 vim
2268 877 2422 910 meam

221 952 411 1001 prorsus
431 936 691 986 exhaurias.
747 936 1013 986 Ascendam
1035 936 1218 1001 quippe
1238 938 1300 984 ad
1320 952 1459 1001 supra
1475 937 1708 988 dictorum
1726 940 1933 1003 apicem,
1956 948 2202 1004 postquam
2225 949 2334 1005 post
2349 957 2423 990 ar-

220 1026 316 1068 tem
335 1017 778 1068 consideraverimus
796 1018 1085 1073 mechanem,
1109 1017 1158 1066 id
1173 1025 1246 1067 est
1266 1019 1661 1067 machinationem
1676 1019 2167 1085 excogitationemque
2182 1022 2419 1071 solertem.

218 1100 411 1148 videtur
430 1107 588 1148 autem
610 1098 870 1163 significare
891 1098 1017 1146 idem
1039 1099 1170 1162 quod
1205 1099 1404 1146 multum
1437 1099 1700 1163 pertingere
1732 1107 1782 1147 et
1818 1102 2087 1150 ascendere.
2120 1104 2421 1166 componitur

219 1194 334 1243 ergo
357 1195 414 1227 ex
436 1179 511 1226 his
530 1179 735 1243 duobus,
757 1179 968 1235 mechus,
988 1178 1042 1226 id
1064 1184 1139 1226 est
1160 1178 1302 1240 longe
1322 1187 1373 1226 et
1395 1179 1613 1234 multum,
1632 1186 1683 1226 et
1702 1179 1837 1235 auiti,
1860 1181 1907 1227 id
1942 1188 2016 1228 est
2042 1184 2314 1246 ascendere,
2334 1200 2420 1250 pe·

220 1268 424 1319 tetrare,
447 1259 729 1323 pertingere.
792 1260 910 1314 Sed,
942 1265 996 1305 ut
1030 1259 1172 1305 modo
1204 1258 1440 1314 dicebam,
1462 1259 1524 1312 ad
1547 1274 1776 1306 summum
1798 1259 2032 1307 dictorum
2054 1264 2420 1324 perveniendum

218 1348 292 1389 cst
313 1356 329 1390 ε
365 1341 783 1404 quaerendumque,
803 1339 920 1402 quid
943 1338 1138 1386 nomina
1157 1338 1247 1386 ista
1284 1338 1571 1402 significent,
1605 1346 1751 1396 arete,
1771 1339 1818 1387 id
1847 1347 1922 1388 est
1941 1341 2104 1403 virtus,
2125 1350 2175 1389 et
2199 1344 2346 1401 cacia,
2368 1346 2421 1393 id

217 1427 293 1470 est
314 1420 541 1484 pravitas.
606 1419 819 1468 Alterum
844 1419 1036 1482 quidem
1070 1418 1282 1466 nondum
1315 1419 1528 1482 reperio:
1564 1418 1760 1467 alterum
1791 1429 1954 1484 patere
1974 1421 2176 1471 videtur.
2210 1439 2319 1471 nam
2340 1440 2419 1472 su-

216 1500 485 1564 perioribus
504 1500 722 1548 omnibus
741 1507 988 1547 consonat.
1020 1513 1193 1561 nempe
1231 1507 1454 1562 tanquam
1484 1507 1598 1547 eant
1627 1499 1803 1559 omnis,
1834 1515 1973 1550 cacos
2007 1502 2110 1563 ion,
2132 1502 2183 1550 id
2203 1512 2278 1552 est
2297 1505 2419 1556 male

215 1582 424 1636 vadens,
445 1579 595 1635 cacia,
618 1580 668 1627 id
690 1585 763 1627 est
783 1578 989 1643 pravitas
1023 1581 1130 1627 erit.
1162 1594 1307 1642 quare
1340 1595 1446 1627 cum
1481 1579 1639 1628 anima
1677 1580 1800 1629 male
1836 1582 1898 1628 ad
1931 1596 2003 1630 res
2038 1583 2168 1646 ipsas
2204 1585 2419 1643 accedet,

214 1659 537 1709 communiter
557 1671 700 1722 prava
721 1658 923 1707 dicetur.
957 1657 1144 1722 proprie
1165 1674 1276 1708 vero
1298 1675 1355 1707 ac
1375 1658 1576 1708 maxime
1609 1662 1897 1723 procedendi
1932 1663 2033 1711 haec
2054 1662 2254 1711 facultas
2274 1664 2326 1712 in
2348 1665 2423 1712 di·

216 1742 304 1798 iia,
350 1739 404 1788 id
449 1745 523 1787 est
558 1738 812 1786 timiditate
856 1743 1004 1801 patet,
1038 1754 1180 1801 quam
1210 1741 1421 1788 nondum
1452 1740 1831 1803 declaravimus3
1866 1743 2241 1805 praetermisimus
2276 1744 2420 1796 enirn.

216 1821 476 1885 oportebat
505 1827 661 1868 autem
698 1819 926 1867 continuo
967 1828 1076 1882 post
1120 1820 1445 1868 fortitudinem
1480 1821 1634 1883 ipsam
1674 1822 1865 1872 inferre.
1901 1823 2049 1871 multa
2087 1825 2280 1889 insuper
2326 1827 2419 1874 alia

218 1901 483 1966 preterisse
521 1900 749 1948 videmur.
782 1899 899 1948 dilia
932 1900 1167 1963 significat
1212 1901 1381 1949 durum
1426 1901 1595 1948 animm
1632 1902 1888 1950 vinculum.
1922 1903 2108 1953 desmos
2150 1906 2277 1954 enim
2314 1907 2417 1958 vin-

215 1983 382 2032 culum
416 1987 505 2031 est.
538 1979 637 2029 lian
678 1995 788 2028 vero
825 1980 945 2028 forte
984 1980 1210 2043 quiddam
1246 1981 1512 2043 durumque
1550 1981 1800 2045 significat.
1833 1998 1977 2047 quare
2015 1984 2240 2033 timiditas
2276 1989 2415 2036 vehe-

216 2077 355 2109 mens
375 2076 431 2109 ac
450 2061 704 2108 maximum
739 2068 814 2108 est
847 2059 1018 2108 animm
1039 2059 1308 2108 vinculum:
1344 2061 1745 2124 quemadmodum
1777 2069 1828 2109 et
1857 2063 2037 2125 aporia,
2057 2064 2110 2113 id
2145 2072 2219 2113 est
2255 2067 2417 2116 defec-

216 2149 314 2198 tus,
337 2141 516 2204 inopia,
537 2140 751 2202 dubium,
774 2141 946 2188 malum
969 2141 1198 2205 quiddam
1219 2148 1312 2198 est,
1345 2155 1399 2189 ac
1422 2142 1686 2189 summatim
1708 2143 2024 2206 quodcunque
2048 2161 2314 2208 progressus
2333 2149 2414 2212 ip-

215 2223 316 2271 sius
338 2221 759 2286 impedimentum:
792 2221 936 2286 idque
971 2220 1096 2270 male
1130 2237 1235 2269 esse
1254 2221 1439 2269 videtur
1472 2222 1738 2280 ostendere,
1755 2222 1805 2269 in
1835 2222 1941 2285 ipsa
1963 2222 2185 2272 videlicet
2205 2226 2414 2277 motione

214 2301 438 2366 impediri
459 2309 602 2364 atque
623 2300 840 2351 detineri.
872 2302 1002 2363 quod
1025 2317 1132 2349 cum
1156 2299 1312 2349 anima
1343 2301 1490 2359 subit,
1514 2300 1741 2362 pravitate
1774 2301 1917 2363 plena
1949 2303 2138 2351 dicitur.
2203 2304 2346 2362 Quod
2370 2307 2413 2355 si

131 2423 142 2430 .
211 2383 333 2432 illud
360 2383 600 2445 pravitatis
621 2397 794 2429 nomen
817 2382 989 2429 talibus
1006 2381 1285 2443 quibusdam
1309 2381 1557 2442 competit,
1581 2379 1863 2428 contrarium
1897 2382 2060 2445 &per-21.
2082 2384 2131 2433 id
2153 2392 2226 2432 est
2249 2385 2409 2444 virtus,

212 2462 520 2528 significabit.
549 2461 600 2509 in
636 2460 798 2526 primis
817 2460 1008 2524 quidem
1029 2458 1302 2509 facultatem
1319 2459 1583 2524 agilemque
1607 2474 1919 2525 progressum,
1939 2462 2114 2513 deinde
2134 2464 2339 2515 solutum
2361 2475 2411 2515 et

210 2543 492 2608 expeditum
513 2543 684 2591 animae
703 2543 842 2589 bottas
862 2540 1089 2605 impetum
1110 2556 1211 2590 esse
1233 2548 1441 2603 oportet.
1503 2541 1821 2613 Quamobrem
1854 2544 2031 2607 absque
2068 2545 2408 2610 impedimento

213 2623 563 2687 obstaculoque
595 2622 642 2671 ai
661 2624 838 2680 theon,
861 2622 906 2670 id
942 2632 1016 2670 est
1051 2637 1233 2685 semper
1261 2623 1429 2680 fluens,
1447 2621 1555 2685 jure
1591 2623 1910 2687 cognominari
1931 2633 2089 2689 posset
2108 2628 2260 2678 airite.
2293 2629 2413 2676 sorte

221 2722 335 2755 vero
356 2713 408 2753 ct
429 2705 633 2753 brereten
655 2712 794 2753 vocat
813 2704 937 2768 quis,
959 2704 1073 2768 quia
1104 2702 1165 2752 sit
1187 2704 1373 2752 babitus
1393 2704 1485 2753 iste
1509 2705 1824 2763 baretotatos,
1845 2706 1894 2754 id
1916 2713 1989 2754 est
2011 2708 2209 2756 maxime
2232 2708 2412 2774 eligen-

218 2786 326 2836 dus.
363 2801 523 2834 verum
543 2785 735 2835 conciso
763 2786 995 2834 vocabulo
1033 2792 1160 2833 arete
1193 2785 1544 2835 denominatur.
1609 2785 1825 2833 Forsitan
1847 2802 1921 2834 me
1944 2786 2119 2850 fingere
2138 2790 2305 2847 dites„
2322 2807 2413 2853 ego

215 2875 376 2916 autem
398 2882 571 2927 assero,
589 2867 629 2914 si
651 2867 792 2914 modo
810 2882 982 2914 nomen
1005 2866 1125 2914 illud
1147 2866 1411 2930 pravitatis,
1431 2866 1563 2928 quod
1584 2866 1743 2922 retuli,
1765 2874 1891 2913 recte
1911 2876 1984 2914 est
2003 2867 2267 2926 inductum,
2285 2879 2413 2918 recte

216 2963 411 3011 quoqne
430 2956 481 2995 et
501 2947 624 2995 istud
651 2947 834 2995 virtutis
857 2962 1030 2995 nomen
1047 2946 1227 2995 induci.
1292 2945 1479 2996 Herus.
1516 2945 1589 2993 At
1607 2960 1772 2999 cacon,
1792 2945 1841 2992 id
1867 2955 1936 2993 est
1970 2948 2163 3004 malum,
2183 2963 2264 3009 per
2285 2951 2415 3011 quod

217 3030 369 3093 [416]
402 3028 454 3076 in
475 3027 791 3091 superioribus
808 3028 954 3075 multa
975 3026 1154 3082 dixisti,
1176 3024 1294 3089 quid
1312 3024 1402 3072 sibi
1425 3024 1562 3071 vult?
1629 3025 1715 3072 80.
1747 3024 2033 3072 Extraneum
2065 3027 2292 3088 quiddam
2331 3043 2416 3089 per

214 3109 407 3166 Jovem,
428 3124 485 3157 ac
503 3109 700 3155 inventu
721 3107 927 3154 difficile.
958 3106 1122 3169 itaque
1158 3105 1218 3151 ad
1242 3105 1333 3152 hoc
1355 3103 1497 3151 etiam
1521 3103 1947 3151 machinamentum
1968 3103 2087 3151 illud
2111 3105 2324 3167 superius
2346 3108 2418 3154 af-

215 3189 383 3239 feram.
449 3188 634 3236 Halm.
668 3187 801 3242 Quid
827 3185 954 3233 istud
974 3186 993 3232 ἓ
1027 3186 1114 3233 80.
1146 3184 1450 3232 Barbaricum
1473 3183 1698 3248 quiddam
1718 3191 1771 3231 et
1790 3184 1880 3231 hoc
1900 3190 2004 3231 esse
2024 3184 2199 3233 dicam.
2231 3184 2419 3238 Hirrus.

217 3271 377 3320 Probe
394 3267 526 3329 loqui
545 3267 731 3313 videris.
794 3265 875 3315 80.
912 3265 1132 3314 Ceterum
1156 3266 1258 3312 haec
1273 3263 1394 3326 jam,
1410 3263 1449 3311 si
1477 3263 1653 3328 placet,
1673 3262 1945 3311 mittamus:
1980 3263 2173 3313 nomina
2194 3281 2304 3315 vero
2326 3267 2417 3316 ista

217 3350 363 3399 calon
386 3358 438 3397 et
457 3347 687 3403 aeschron,
708 3347 761 3394 id
782 3353 856 3395 est
875 3346 1122 3409 pulchrum
1158 3353 1210 3393 et
1242 3352 1397 3409 turpe,
1418 3343 1785 3393 consideremus.
1851 3343 1980 3401 Quid
2003 3346 2211 3394 aescbron
2235 3348 2419 3408 innuat,

216 3429 336 3479 satis
359 3427 470 3477 mihi
495 3434 655 3490 patere
676 3426 877 3476 videtur.
911 3441 1082 3491 nempe
1099 3442 1208 3475 cum
1227 3424 1545 3489 superioribus
1563 3424 1802 3473 convenit.
1868 3424 2073 3474 Videtur
2103 3427 2189 3490 qui
2225 3430 2417 3479 nomina

216 3509 405 3567 statuit,
428 3508 597 3572 passim
620 3507 891 3573 agitationis
927 3507 1318 3571 impedimentum
1358 3506 1642 3570 vituperare.
1657 3512 1732 3567 ,ut
1750 3519 1884 3566 ecce,
1906 3506 1952 3553 ai
1972 3506 2173 3554 iscbonti
2196 3510 2334 3568 rhun,
2363 3511 2416 3560 id

216 3598 293 3639 est
311 3606 496 3655 semper
531 3588 808 3653 impedienti
842 3588 1038 3644 fluxum,
1071 3603 1247 3637 nomen
1279 3587 1415 3636 dedit
1452 3586 1733 3635 aischorum.
1763 3601 1891 3634 nunc
1912 3602 2021 3635 vero
2056 3590 2415 3654 perstringentes

217 3671 432 3718 asschron
454 3670 716 3734 appellant.
781 3670 967 3718 Hastis.
1003 3669 1135 3727 Quid
1155 3668 1311 3726 calon,
1333 3669 1381 3716 id
1414 3676 1491 3716 est
1512 3667 1791 3730 pulchrum?
1857 3666 1943 3716 80.
1975 3667 2083 3716 Hoc
2105 3670 2297 3732 cognitu
2320 3670 2416 3719 dif-

220 3749 420 3799 ficilius:
455 3764 724 3813 quanquam
740 3751 891 3812 ipsum
916 3750 983 3798 ita
1003 3750 1273 3805 deducitur,
1298 3756 1352 3797 ut
1381 3747 1638 3796 harmonia
1658 3749 1889 3796 duntaxat
1906 3755 1958 3797 et
1977 3747 2288 3812 longitudinis
2307 3766 2413 3814 gra-

220 3832 288 3881 tia
311 3831 468 3895 ipsum
493 3844 523 3878 a
544 3829 606 3877 sit
628 3830 924 3893 productum.
992 3828 1179 3877 Ηιιιικ.
1210 3829 1321 3887 Quo
1355 3829 1537 3892 pacto?
1604 3829 1691 3877 So.
1723 3828 1913 3876 Nomen
1953 3829 2078 3877 istud
2114 3830 2417 3893 cogitationis

217 3917 586 3976 cognomentum
606 3909 831 3974 quiddam
851 3925 952 3959 esse
973 3910 1173 3958 videtur.
1239 3910 1426 3961 Han.
1460 3909 1559 3967 Qui
1593 3910 1719 3957 istud
1752 3908 1860 3956 ais?
1926 3909 2014 3957 80.
2047 3910 2203 3968 Quam
2226 3918 2276 3959 tu
2298 3927 2413 3960 cau-

219 4009 316 4041 sam
339 3990 674 4056 appellationis
695 3989 762 4039 rei
784 3988 1016 4054 cujusque
1037 3989 1238 4039 censes?
1270 4004 1332 4037 an
1354 4006 1448 4038 non
1458 3990 1587 4053 quod
1606 3989 1799 4037 nomina
1814 3987 2012 4037 tribuit?
2076 3989 2260 4042 Hunis.
2294 3992 2415 4041 Om-

219 4073 349 4120 nino.
413 4070 499 4120 80.
533 4069 710 4118 Nonne
730 4084 874 4118 causa
895 4070 996 4118 haec
1016 4068 1246 4132 cogitatio
1264 4077 1354 4126 est,
1378 4070 1452 4118 vel
1475 4070 1669 4118 deorum
1694 4068 1767 4121 vel
1787 4069 2027 4118 hominum
2046 4070 2119 4120 vel
2135 4074 2373 4119 amborum
2393 4070 2413 4117 ἓ

220 4151 405 4200 Esau.
437 4151 645 4214 Nempe.
710 4150 795 4200 80.
831 4149 955 4214 Ergo
977 4151 1188 4209 calcsan,
1217 4149 1267 4198 id
1305 4159 1378 4198 est
1410 4151 1539 4215 quod
1563 4159 1703 4199 vocat
1722 4165 1810 4209 res,
1833 4158 1884 4199 et
1903 4150 2042 4201 calon
2061 4151 2188 4199 idem
2208 4166 2264 4198 ac
2284 4149 2418 4211 cogi·

223 4231 338 4280 tatio
359 4239 488 4281 sunt.
552 4230 739 4279 Hans.
773 4230 1008 4295 Apparet.
1074 4232 1161 4281 80.
1197 4230 1511 4295 Quaecunque
1535 4247 1666 4281 mens
1680 4231 1969 4294 etcogitatio
1991 4238 2154 4292 agunt,
2179 4227 2416 4275 laudanda

222 4322 363 4361 sunt:
400 4327 508 4375 quae
538 4326 655 4369 non,
677 4311 1003 4373 vituperanda.
1068 4312 1253 4361 Ηιιιιιι.
1287 4312 1499 4363 Prorsus.
1567 4312 1654 4361 So.
1689 4311 1855 4368 Quod
1876 4306 2124 4357 medicina:
2160 4305 2414 4367 particeps,

223 4393 467 4443 medicina
487 4406 631 4456 opera
651 4391 830 4440 efficit:
864 4393 994 4455 quod
1032 4394 1210 4442 fabrilis
1243 4394 1372 4452 artis,
1395 4393 1597 4442 fabrilia.
1630 4401 1681 4439 tu
1704 4404 1813 4438 vero
1848 4387 1963 4451 quid
1986 4381 2165 4431 sentis?
2231 4380 2414 4431 liena.

221 4471 373 4526 hlem.
440 4474 528 4522 8ο.
561 4473 816 4524 Pulchrum
849 4473 1009 4538 itaque
1050 4474 1278 4538 pulchra>
1345 4472 1738 4525 Hsnu.Decet.
1807 4463 2017 4514 S0013⁸t
2053 4468 2208 4510 tutem
2230 4460 2338 4519 1¹00
2361 4471 2415 4511 Μ
