2917 4975
158 434 306 513 42⁷]
1008 401 1455 499 cnm-nus.
1620 487 1625 492 .
2229 444 2359 501 331·

147 603 251 640 mus
271 608 286 639 z
317 589 409 639 nisi
431 588 553 640 sorte
572 588 971 654 quemadmodum
991 588 1194 654 Tragici,
1209 591 1430 656 quotiens
1444 590 1710 656 ambigunt,
1719 592 2051 642 commentitiis
2064 594 2349 658 quibusdam

145 671 532 721 machinamentis
552 671 614 719 ad
635 672 752 719 deos
772 667 1069 733 confugiunt,
1099 671 1170 719 ita
1190 678 1242 720 et
1260 687 1349 720 nos
1369 671 1505 722 ocius
1524 687 1622 722 rem
1640 672 1972 737 expediamus,
1995 674 2211 723 dicentes
2230 676 2353 724 deos

143 751 293 815 prima
313 752 502 799 nomina
525 751 754 815 posuisse,
776 758 827 800 et
847 751 1018 799 iccirco
1040 758 1167 800 mete
1181 751 1400 801 instituta
1415 753 1578 804 fuisse.
1644 751 1880 819 Nunquid
1898 754 2192 819 potissimum
2206 755 2346 804 nobis

143 830 223 879 hic
246 831 434 880 sermo?
466 847 527 880 an
549 832 646 888 ille,
669 831 799 896 quod
822 831 925 894 ipsa
946 846 976 878 a
997 831 1199 879 barbaris
1219 831 1500 895 quibusdam
1525 833 1831 898 accepimus?
1863 833 2029 899 (nobis
2051 835 2233 898 quippe
2255 850 2345 883 an·

145 907 372 974 tiqniores
391 917 505 958 sunt
527 911 735 976 barbari)
757 910 831 959 vel
854 911 983 974 quod
1006 911 1068 959 ob
1101 918 1380 962 vetustatem
1411 913 1481 962 ita
1502 929 1561 962 ea
1591 914 1742 979 [426]
1778 914 1986 964 discerni
2007 922 2269 979 nequeunt,
2290 924 2347 964 ut

144 996 194 1038 et
213 990 443 1038 barbara?
504 989 929 1054 Tergiversationes
949 991 1054 1039 istae
1075 997 1205 1051 sunt,
1226 997 1276 1040 et
1308 991 1575 1041 bellissima
1610 993 1822 1058 quidem,
1847 994 2029 1043 illorum
2069 995 2347 1059 quicunque

146 1068 302 1118 nolint
322 1069 385 1119 de
405 1076 533 1118 recta
551 1069 855 1133 impositione
877 1069 1130 1134 primorum
1151 1070 1397 1120 nominum
1428 1074 1627 1122 reddere
1660 1074 1907 1124 ratIonem.
1976 1074 2169 1123 Etenim
2209 1076 2342 1141 quis·

143 1148 250 1214 quis
269 1156 445 1198 rectam
467 1149 720 1215 primorum
742 1150 985 1198 nominum
1019 1152 1245 1199 rationem
1281 1152 1484 1216 ignorat,
1505 1153 1803 1216 sequentium
1840 1169 2125 1217 cognoscere
2162 1158 2347 1220 nequit.

143 1229 244 1290 lime
268 1245 407 1295 porro
423 1246 482 1279 ex
503 1229 598 1278 illis
625 1231 910 1279 declaranda
942 1239 1084 1278 sunt:
1119 1229 1203 1278 illa
1242 1238 1399 1279 autem
1429 1233 1475 1280 is
1506 1232 1709 1296 ignorat.
1741 1232 1856 1297 quin
1881 1235 2040 1296 potius
2060 1249 2253 1283 necesse
2274 1244 2349 1283 est

142 1310 439 1375 sequentium
477 1311 690 1374 peritiam
727 1310 1047 1375 profitentem,
1071 1311 1220 1359 multo
1254 1311 1383 1374 prius
1423 1318 1475 1360 et
1493 1312 1757 1361 absolutius
1778 1313 2110 1362 antecedentia
2132 1329 2349 1378 compre·

141 1389 384 1453 hendisse,
404 1405 638 1454 posseque
661 1390 927 1441 ostendere.
958 1388 1093 1437 aliter
1112 1396 1270 1438 autem
1290 1390 1408 1438 sciro
1429 1391 1592 1447 debet,
1612 1406 1664 1439 se
1700 1392 1751 1439 in
1781 1393 2084 1456 sequentibus
2120 1393 2344 1441 deliratu-

141 1482 261 1521 rum.
294 1484 361 1517 an
394 1469 530 1518 aliter
561 1471 665 1532 ipse
693 1469 892 1518 censes?
956 1468 1141 1518 Hanu.
1175 1467 1318 1516 Haud
1354 1469 1512 1533 aliter,
1531 1469 1762 1520 Socrates.
1830 1471 1915 1518 So.
1948 1472 2072 1528 Quae
2109 1486 2199 1534 ego
2222 1472 2347 1519 sensi

141 1549 201 1598 de
222 1549 389 1612 primis
410 1549 696 1605 nominibus,
728 1547 980 1596 insolentia
1012 1548 1302 1612 ridiculeque
1338 1549 1597 1598 admodum
1631 1565 1735 1598 esse
1769 1550 1885 1597 mihi
1905 1550 2155 1599 videntur:
2192 1566 2345 1614 eaque

138 1636 322 1692 tecum,
355 1627 397 1677 si
425 1627 558 1684 velis,
595 1628 968 1677 communicabo.
1003 1627 1042 1676 si
1077 1628 1193 1692 quld
1216 1644 1325 1677 vero
1366 1637 1417 1678 tu
1459 1629 1626 1679 melius
1660 1631 1913 1692 inveneris,
1937 1645 2120 1679 mecum
2159 1638 2209 1679 et
2242 1630 2346 1693 ipse

141 1708 461 1758 communica.
526 1707 715 1759 Hans.
746 1708 982 1758 Efficiam.
1011 1709 1096 1758 sed
1131 1710 1210 1758 dic
1243 1710 1344 1774 jam
1376 1711 1487 1759 forti
1522 1712 1700 1761 animo.
1766 1711 1851 1760 So.
1885 1711 2127 1775 Principio
2147 1711 2303 1774 ipsum
2326 1727 2347 1758 r

144 1789 278 1838 velut
308 1788 670 1838 instrumentum
694 1789 847 1838 omnis
869 1797 1022 1837 motus
1053 1806 1154 1838 esse
1179 1792 1383 1841 videtur.
1415 1807 1500 1841 cur
1521 1800 1678 1842 autem
1699 1800 1853 1841 motus
1885 1791 2044 1840 cinisis
2065 1790 2349 1854 appelletur,

147 1884 244 1917 non
269 1870 487 1919 diximus.
523 1877 657 1933 patet
680 1879 837 1918 tamen
851 1870 980 1933 quod
1003 1869 1135 1932 iesis,
1157 1870 1206 1918 id
1240 1878 1312 1919 est
1333 1871 1436 1929 itio,
1459 1887 1562 1921 esse
1585 1872 1703 1920 vult.
1735 1887 1833 1921 non
1850 1872 1976 1921 enim
1998 1872 2065 1919 ita
2087 1871 2348 1934 quondam,

145 1950 231 1998 sed
251 1966 281 1999 e
303 1950 565 2000 utebamur.
601 1949 881 2013 principium
905 1958 1062 1999 autem
1083 1967 1114 1998 a
1129 1951 1245 2009 ciiu,
1268 1952 1317 2001 id
1338 1960 1412 2001 est
1434 1953 1521 2018 ire,
1543 1954 1674 2016 quod
1712 1951 2009 2017 peregrinum
2048 1966 2220 2000 nomen
2254 1960 2344 2008 est,

148 2038 198 2078 et
214 2031 357 2087 ient.
391 2031 440 2080 id
461 2035 534 2080 est
552 2031 642 2087 ire,
663 2029 914 2093 significat.
982 2030 1143 2088 Quare
1164 2031 1203 2079 si
1242 2031 1446 2094 priscum
1478 2032 1582 2095 ejus
1616 2048 1789 2080 nomen
1812 2032 2086 2095 reperiatur,
2108 2030 2158 2078 in
2180 2046 2347 2079 vocem

146 2119 351 2160 nostram
373 2111 803 2171 translatum‚recte
825 2110 936 2158 iesis
956 2111 1291 2177 appellabitur.
1324 2127 1452 2161 nunc
1474 2121 1634 2161 autem
1654 2113 1714 2160 ab
1736 2113 1849 2169 ciin,
1874 2112 2067 2160 nomine
2081 2111 2347 2175 peregrino,

146 2199 197 2238 et
215 2189 370 2255 ipsius
391 2191 458 2238 ita
477 2189 850 2239 commutatione
871 2198 922 2238 et
942 2205 975 2237 n
1006 2191 1155 2254 ipsius
1185 2192 1544 2255 interpositione
1565 2192 1727 2239 cinisis
1749 2198 2069 2254 nuncupatur.
2099 2191 2351 2254 oportebat

150 2280 309 2320 autem
330 2271 509 2320 cinisirn
536 2271 609 2318 vel
627 2269 732 2318 isim
755 2270 929 2318 dicere.
994 2271 1159 2326 Stasis,
1183 2271 1231 2317 id
1254 2278 1327 2318 est
1349 2271 1510 2327 statio,
1532 2271 1724 2333 negatio
1756 2271 1906 2333 ipsius
1932 2272 2075 2326 ienae,
2096 2269 2149 2318 id
2169 2279 2243 2319 est
2260 2272 2350 2333 ire,

147 2365 250 2399 esse
271 2351 391 2399 vult.
425 2351 508 2398 sed
531 2356 723 2397 ornatus
745 2363 889 2396 causa
909 2349 1045 2395 stasis
1064 2348 1411 2398 denominatur.
1481 2349 1783 2397 Elementum
1819 2348 1987 2412 utique
2022 2350 2176 2411 ipsum
2198 2364 2237 2404 r,
2260 2363 2351 2411 op-

145 2439 403 2496 portunum
436 2437 591 2476 motus
623 2429 999 2483 instrumentum,
1021 2435 1076 2474 ut
1108 2429 1250 2476 modo
1283 2427 1520 2486 dicebam,
1541 2427 1691 2475 visum
1727 2437 1800 2476 est
1820 2429 2063 2476 nominum
2085 2429 2264 2476 auctori
2285 2427 2347 2474 ad

142 2511 298 2576 ipsam
318 2508 507 2557 lationis
529 2507 882 2556 similitudinem
905 2509 1273 2572 exprimendam.
1311 2509 1483 2572 passim
1516 2509 1676 2573 itaque
1698 2525 1720 2556 r
1740 2510 1800 2557 ad
1824 2519 1977 2557 motus
1998 2508 2347 2573 expressionem

145 2593 314 2642 utitur·
378 2589 437 2638 In
463 2589 610 2654 primo
632 2588 823 2653 quidem
849 2588 953 2653 ipso
971 2589 1077 2637 rhin
1097 2597 1149 2638 et
1169 2590 1300 2647 rhoe,
1323 2589 1372 2638 id
1395 2600 1468 2638 est
1489 2591 1633 2639 fluere
1654 2590 1896 2654 fluxuque,
1918 2606 2001 2654 per
2022 2589 2203 2637 literam
2238 2606 2259 2637 r
2281 2589 2350 2637 la-

143 2671 322 2721 tionem
344 2670 583 2718 imitatur:
618 2669 793 2717 deinde
815 2668 867 2717 in
892 2677 1063 2733 tromo,
1086 2669 1137 2718 id
1175 2677 1249 2719 est
1271 2678 1486 2728 tremore,
1507 2678 1558 2719 et
1581 2672 1749 2729 trachi,
1767 2686 1952 2735 aspero,
1987 2671 2101 2720 item
2121 2669 2173 2718 in
2196 2670 2348 2719 verbis

145 2750 438 2815 hujusmodi,
476 2748 610 2798 eruin
645 2757 905 2812 percutere,
940 2750 1124 2798 thrauin
1166 2750 1422 2808 vulnerare,
1457 2751 1622 2816 erycin
1664 2753 1862 2809 trahere,
1900 2751 2098 2815 thriptin
2135 2750 2346 2813 frangere

143 2847 480 2897 enervemque,
501 2830 771 2879 cermatizin
793 2830 1021 2887 incidere,
1043 2832 1255 2881 rhembin
1278 2832 1516 2896 vacillare,
1536 2832 1712 2881 irritare
1751 2840 1802 2881 et
1839 2832 2213 2881 circumvenere.
2246 2831 2349 2877 haec

144 2912 305 2960 omnia
339 2921 394 2961 nt
426 2911 674 2975 plurimum
709 2927 793 2975 per
825 2928 847 2959 r
879 2913 941 2960 ad
972 2913 1329 2960 similitudinem
1365 2912 1589 2960 motionis
1625 2912 1823 2974 effingit.
1890 2912 2042 2959 Mitto
2065 2910 2192 2957 enim
2213 2909 2345 2971 quod

144 2989 309 3056 lingua
329 2992 378 3039 in
400 2993 489 3040 hac
510 2991 645 3040 litera
666 2990 1017 3053 pronuntianda
1053 2992 1246 3039 minime
1278 2992 1566 3052 immoratur,
1596 2990 1711 3053 quin
1736 2990 1892 3052 potius
1918 2989 2119 3036 maxime
2142 2989 2349 3036 concita·

145 3077 235 3121 tur.
303 3070 539 3129 Quocirca
573 3072 634 3118 ad
673 3069 869 3117 istorum
907 3071 1257 3133 expressionem
1297 3069 1403 3132 ipso
1424 3086 1446 3116 r
1484 3069 1774 3133 potissimum
1815 3083 1927 3115 usus
1967 3067 2110 3115 fuisse
2147 3066 2354 3114 videtur.

152 3150 281 3200 Usus
296 3159 371 3200 est
389 3157 441 3199 et
458 3152 499 3208 i,
520 3150 704 3198 scilicet
722 3148 842 3204 iote,
866 3149 927 3197 ad
950 3150 1111 3196 tenuia
1146 3155 1480 3213 quaequestier
1513 3150 1675 3197 omnia
1707 3147 1908 3196 maxime
1941 3145 2253 3210 penetrantia.
2285 3146 2353 3193 ic·

148 3221 278 3282 circo
315 3232 463 3295 [427]
495 3232 615 3278 ienae
637 3238 688 3277 et
707 3229 888 3286 iesthae,
911 3228 960 3277 id
982 3237 1056 3277 est
1069 3229 1140 3278 ire
1162 3228 1493 3293 progredique,
1517 3244 1600 3293 per
1628 3229 1644 3276 i
1666 3227 1891 3277 imitatur.
1937 3225 2352 3285 Quemadmodum

147 3327 231 3377 per
252 3313 294 3369 f,
318 3327 393 3375 ps,
414 3327 455 3375 s,
474 3327 520 3374 a,
542 3325 648 3374 qum
673 3309 819 3357 literae
844 3308 1204 3358 vehementioris
1225 3309 1416 3373 spiritus
1437 3317 1567 3366 sunt,
1592 3308 1705 3357 talia
1727 3308 1944 3372 quadam
1964 3305 2207 3355 nominum
2240 3319 2353 3353 auc·

145 3400 218 3441 tor
237 3390 480 3456 exprimit,
503 3389 741 3455 psychron
760 3388 998 3453 frigidum,
1022 3406 1140 3439 zeon
1163 3390 1364 3448 fervens,
1385 3390 1573 3440 siesthae
1594 3388 1807 3451 concuti,
1835 3395 1885 3437 et
1905 3386 2216 3437 communiter
2237 3400 2353 3434 con-

150 3473 423 3523 cussionem
453 3470 915 3536 quassationemque.
948 3471 1261 3536 quotiensque
1303 3472 1556 3521 vehemens
1591 3471 1837 3535 quippiam
1874 3477 1923 3518 et
1956 3467 2123 3533 spiritu
2159 3466 2353 3530 plenum

143 3553 320 3603 imitari
343 3553 446 3601 vult
475 3552 717 3601 nominum
751 3550 1006 3616 institutor,
1029 3552 1146 3601 tales
1180 3559 1235 3600 ut
1268 3553 1519 3618 plurimum
1559 3552 1718 3600 literas
1758 3551 1972 3599 adhibet.
2036 3547 2167 3606 Quin
2204 3545 2353 3595 etiam

145 3632 301 3698 ipsius
321 3635 354 3682 d
378 3632 770 3698 compressionem
791 3648 849 3681 ac
872 3641 908 3691 t,
930 3642 981 3682 et
1000 3634 1175 3697 linguae
1196 3632 1327 3682 velut
1350 3634 1571 3681 heremis
1591 3632 1914 3681 retractionem
1951 3637 2353 3694 peropportunam

149 3716 444 3765 existimasse
465 3715 650 3763 videtur
682 3715 741 3762 ad
765 3716 946 3765 vinculi
981 3723 1033 3764 et
1066 3714 1281 3763 stationis
1318 3715 1580 3779 potentiam
1618 3713 1988 3778 exprimendam.
2052 3709 2120 3756 Et
2154 3709 2267 3771 quia
2302 3708 2358 3755 in

151 3794 294 3845 lavda
315 3795 601 3859 proferendo
639 3795 839 3844 maxime
872 3794 1038 3859 lingua
1069 3795 1346 3859 prolabitur,
1363 3794 1534 3844 iccirco
1570 3811 1652 3858 per
1682 3794 1774 3842 hoc
1796 3792 1928 3841 velut
1958 3807 2017 3839 ex
2049 3788 2357 3838 similitudine

152 3874 356 3940 quadam
378 3874 641 3923 nominavit
661 3875 743 3933 lia,
766 3876 813 3924 id
835 3884 910 3925 est
932 3875 1074 3933 lenia,
1097 3881 1147 3923 et
1165 3875 1435 3924 olisthaenin
1458 3874 1576 3937 labi,
1594 3881 1643 3921 et
1663 3872 1872 3921 collodes
1895 3870 2145 3937 liquidum,
2166 3868 2353 3933 liparon

156 3956 352 4021 pingue,
372 3963 624 4018 ceteraque
646 3954 933 4018 hujusmodi.
998 3955 1128 4014 Quia
1147 3942 1255 4003 {tero
1277 3954 1514 4003 labentem
1535 3953 1742 4016 linguam
1765 3968 1799 4014 g
1821 3958 2095 4006 remoratur,
2116 3965 2174 3997 eo
2206 3950 2353 3998 inter·

148 4032 277 4096 jecto
315 4035 533 4085 formavit
572 4036 809 4099 glischron
848 4036 1097 4094 lubricum,
1149 4036 1195 4100 gl
1198 4049 1299 4102 ycy
1336 4034 1497 4096 dulce,
1538 4031 1719 4096 gliodes
1758 4030 2009 4087 viscosum,
2055 4029 2358 4078 lutulentum.

156 4116 546 4166 Animadvertens
567 4131 757 4180 quoque
776 4117 928 4181 ipsius
951 4133 984 4165 n
1006 4132 1175 4165 sonum
1195 4116 1292 4164 imo
1312 4116 1363 4164 in
1387 4121 1576 4180 gutture
1597 4110 1817 4170 detineri,
1836 4126 1895 4159 eo
1909 4108 2176 4158 nominavit
2196 4109 2357 4155 endon

158 4203 206 4243 et
225 4203 376 4254 entes,
397 4197 446 4245 id
471 4193 694 4259 est‘quod
717 4196 843 4245 intus
865 4204 939 4246 est
959 4206 1010 4245 et
1029 4213 1137 4261 quae
1170 4197 1451 4246 intrinsecus
1495 4202 1623 4259 sunt,
1645 4201 1702 4243 ut
1721 4210 1793 4243 res
1814 4208 1900 4257 per
1921 4191 2080 4240 literas
2101 4199 2357 4248 represen-

162 4283 291 4326 taret.
354 4277 518 4341 Ipsum
540 4292 649 4325 vero
667 4292 697 4326 a
718 4278 920 4340 megalo,
943 4278 991 4325 id
1015 4287 1086 4326 est
1107 4292 1299 4342 magno,
1323 4275 1501 4332 tribuit,
1525 4283 1576 4323 et
1596 4274 1749 4338 ipsum
1782 4273 1851 4321 ita
1883 4271 2012 4326 miei,
2036 4267 2087 4315 id
2110 4271 2182 4312 est
2204 4260 2359 4321 longi·

161 4357 327 4420 tudini,
345 4358 567 4421 quoniam
592 4372 773 4422 magno
789 4358 935 4406 literae
950 4366 1076 4405 sunt.
1107 4357 1157 4405 in
1181 4356 1370 4405 nomine
1393 4362 1553 4402 autem
1575 4350 1874 4415 strongylon,
1897 4349 1947 4395 id
1978 4353 2050 4393 est
2079 4339 2356 4397 rotundum,

160 4434 258 4499 ipso
277 4453 307 4487 o
327 4437 571 4504 indigens,
592 4454 621 4487 o
645 4448 698 4488 ut
712 4438 963 4504 plurimum
987 4437 1190 4487 miscuit.
1255 4435 1533 4500 Eademque
1550 4432 1730 4482 ratione
1749 4435 1906 4479 cetera
1921 4421 2177 4474 secuudum
2198 4418 2357 4469 littra·
