2917 4975
222 470 376 548 4:34]
1107 464 1559 528 cunnus,
2303 472 2421 531 aas

222 621 493 672 confitearis
511 619 875 671 declsrstionem
896 618 962 670 rei
983 618 1129 670 literis
1160 636 1217 671 sc
1250 620 1448 686 syllsbis
1481 620 1657 670 tsctsm
1685 635 1860 671 nomen
1893 637 2015 673 esse.
2049 636 2188 687 porro
2206 623 2251 674 si
2278 624 2419 674 umbo

226 703 332 752 bno
352 702 539 767 dixeris,
561 703 648 752 tibi
668 702 770 767 ipse
790 708 1005 751 constsre
1026 709 1077 751 et
1096 701 1362 750 consentire
1383 717 1483 749 non
1507 699 1694 766 poteris.
1725 702 1892 751 Can.
1925 702 2117 752 Videris
2136 704 2252 753 mibi
2271 705 2421 769 probe

224 782 375 846 loqui,
396 798 427 830 o
447 784 696 833 Soerstes:
728 790 871 847 etque
891 782 963 832 ite
982 797 1127 846 pono.
1175 781 1265 838 So.
1296 781 1556 847 Postquam
1576 783 1640 830 de
1660 782 1732 831 his
1751 782 2093 848 consentimus,
2111 786 2241 850 quod
2261 793 2423 849 nest-t,

224 861 551 913 discutiemus.
614 863 668 912 Si
689 864 812 912 bene
833 878 1006 912 nomen
1027 863 1235 927 positum
1258 878 1360 913 esse
1378 864 1541 925 debet,
1564 871 1779 927 oportere
1799 862 1999 913 diximus
2022 864 2178 914 literas
2191 865 2281 915 sibi
2302 881 2421 916 con·

221 942 472 994 venientes
491 944 664 994 inesse.
729 944 900 994 Cnsr.
932 943 1101 993 Plane.
1134 944 1221 992 80.
1253 944 1496 995 Convenit
1516 953 1672 993 sutem
1694 953 1750 994 ut
1785 944 1933 994 litem
1963 961 2115 995 rerum
2146 946 2325 996 similes
2344 948 2422 996 in·

221 1023 341 1072 sint.
407 1024 573 1074 Cast.
609 1025 836 1074 Omnino.
901 1026 987 1074 So.
1021 1026 1146 1084 Qum
1167 1023 1310 1089 igitur
1340 1034 1468 1075 reete
1489 1033 1599 1074 sunt
1618 1025 1790 1090 posits,
1807 1025 1874 1075 its
1896 1026 2053 1090 posite
2071 1036 2199 1078 suut.
2231 1028 2421 1094 Siquid

224 1111 386 1153 eutem
408 1119 504 1153 non
527 1113 654 1155 recte
677 1106 884 1170 positum
903 1113 996 1163 est,
1016 1112 1072 1153 ut
1092 1105 1344 1170 plurimum
1377 1105 1572 1169 quidem
1600 1121 1658 1153 ex
1679 1106 2069 1157 convenientibus
2098 1108 2425 1175 similibusque

222 1182 373 1233 literis
393 1194 597 1243 constet,
619 1188 658 1235 si
678 1187 871 1252 quidem
887 1187 1045 1249 imsgo
1066 1192 1171 1235 est:
1195 1185 1342 1234 hebet
1357 1193 1515 1233 sutem
1537 1192 1587 1233 et
1599 1185 1779 1250 sliquid
1797 1200 1896 1235 non
1909 1189 2213 1251 conveniens,
2226 1198 2424 1255 propter

216 1264 350 1328 quod
372 1280 468 1314 non
489 1276 668 1316 rectum
702 1273 794 1328 est,
815 1281 972 1329 neque
991 1271 1119 1313 recte
1138 1279 1312 1312 nomen
1344 1271 1418 1312 est
1434 1264 1728 1314 institutum.
1754 1265 1908 1323 sicne,
1928 1280 1990 1313 sn
2011 1265 2164 1329 aliter,
2179 1268 2421 1318 dicimus?

222 1343 396 1394 Clu-r.
428 1345 564 1395 Nihil
587 1354 677 1402 est,
699 1363 730 1394 o
757 1346 994 1402 Sues-ntes,
1016 1351 1070 1393 ut
1089 1343 1305 1400 arbitror,
1333 1345 1717 1393 contendendum
1738 1361 1752 1394 ε
1787 1360 1944 1409 neque
1963 1345 2091 1394 euim
2114 1346 2226 1395 mihi
2250 1348 2425 1412 placet.

224 1434 282 1473 ut
305 1440 481 1474 nomen
503 1426 696 1489 quidem
717 1441 819 1475 esse
835 1426 1041 1490 dicetur,
1061 1440 1159 1472 non
1182 1431 1338 1472 temen
1361 1432 1490 1473 recte
1512 1424 1734 1488 positum.
1797 1424 1886 1473 80.
1920 1425 2091 1475 Utrum
2111 1426 2305 1475 boetibi
2324 1441 2425 1476 non

223 1504 409 1568 plseet,
430 1505 562 1567 quod
583 1520 758 1553 nomen
780 1505 846 1554 rei
869 1504 1017 1568 ipsius
1037 1503 1293 1553 declsrstio
1314 1504 1407 1552 sit?
1461 1504 1631 1554 Cau.
1667 1503 1848 1554 Placet.
1894 1503 1981 1553 80.
2013 1504 2085 1553 At
2103 1520 2214 1553 vero
2232 1506 2427 1557 nomi-n

221 1584 400 1645 purtim
417 1599 472 1631 ex
493 1583 654 1646 primis
668 1585 925 1633 constitut·
938 1599 1061 1647 esee,
1075 1583 1245 1648 psrtim
1262 1599 1363 1633 esee
1378 1584 1547 1647 prims,
1565 1598 1661 1631 non
1681 1583 1829 1647 probe
1845 1583 2027 1633 dietum
2043 1584 2217 1647 putes?
2256 1585 2425 1635 Can·

222 1662 407 1712 Probe.
473 1663 559 1712 80.
593 1663 845 1713 Enimvero
884 1663 1033 1726 prime
1069 1663 1112 1711 si
1147 1663 1442 1727 quorundam
1483 1663 1826 1712 declarationes
1862 1679 1968 1714 esse
2000 1664 2197 1731 debent,
2218 1666 2425 1716 hnbesue
2510 1723 2517 1730 ‚

221 1744 424 1792 modum
445 1744 810 1794 commodiorem
832 1760 929 1809 quo
950 1745 1000 1793 id
1025 1743 1125 1801 fiat,
1150 1759 1291 1808 qusm
1313 1745 1355 1793 si
1374 1743 1486 1792 tslin
1508 1743 1644 1804 fisut,
1666 1742 1826 1809 quslin
1840 1743 1922 1794 ills
1945 1752 2177 1809 suntque
2198 1745 2427 1796 decisuri

221 1823 482 1873 volumus?
515 1838 575 1871 sn
598 1824 768 1873 modus
795 1825 886 1872 iste
908 1824 1067 1887 potius
1090 1823 1176 1872 tibi
1199 1822 1370 1888 plscet,
1393 1839 1536 1887 quem
1571 1823 1895 1887 Hermogenes
1924 1824 2101 1890 suique
2121 1826 2308 1891 plurimi
2329 1833 2425 1877 trs·

224 1906 367 1965 dunt,
390 1906 519 1968 qnod
543 1904 766 1954 videlicet
785 1906 977 1954 nomins
1009 1904 1348 1954 conventiones
1364 1905 1582 1969 quiedam
1603 1903 1715 1967 sint,
1730 1904 1792 1954 iis
1811 1906 1895 1971 qui
1914 1906 1982 1955 its
2002 1906 2349 1957 constituerunt
2367 1923 2427 1958 so

222 2001 300 2035 res
321 1987 453 2051 ipses
475 2000 852 2049 pmcognovere,
887 1984 1064 2049 sliquid
1099 1985 1383 2047 reserentes3
1418 1992 1638 2050 rectsqne
1659 1985 1862 2034 nominis
1891 1986 2013 2036 ratio
2033 1986 2085 2035 in
2104 1988 2425 2039 conventione

224 2066 489 2115 consistet:
518 2082 674 2132 neque
694 2066 893 2128 intersit,
914 2074 1069 2115 utrum
1091 2066 1199 2132 quis
1219 2066 1289 2115 its
1310 2073 1366 2114 ιιι
1386 2081 1514 2116 nunc
1536 2073 1763 2115 statutum
1784 2073 1861 2115 est
1879 2066 2120 2126 decerunt,
2140 2084 2203 2118 su
2222 2075 2391 2118 contu
2407 2085 2424 2119 t

227 2154 284 2195 ut
300 2145 525 2194 videlicet
537 2161 585 2203 o,
607 2146 736 2210 quod
758 2159 888 2194 nunc
907 2161 938 2194 o
960 2161 1156 2210 pervum
1178 2153 1390 2202 vocetur,
1412 2163 1443 2194 o
1459 2161 1681 2210 magnum
1696 2147 2086 2210 cognominetur3
2117 2164 2149 2197 o
2164 2164 2275 2198 vero
2293 2148 2427 2213 quod

229 2226 376 2273 modo
398 2239 428 2272 0
452 2240 690 2288 magnum,
711 2240 741 2272 o
759 2241 951 2288 pervum
973 2225 1192 2273 dicetur?
1226 2231 1330 2272 uter
1349 2224 1543 2272 istorum
1567 2225 1716 2288 magis
1740 2224 1831 2273 tibi
1845 2227 2011 2274 modus
2027 2226 2220 2289 placet?
2253 2227 2426 2278 Cast·

226 2305 433 2354 Prostnt
452 2304 663 2359 omnino.
702 2304 849 2367 [⁴84]
882 2320 913 2352 0
933 2304 1166 2360 Socrates,
1198 2302 1506 2351 similitudine
1539 2304 1708 2352 referre
1739 2304 1868 2368 quod
1893 2305 2000 2367 quis
2031 2305 2278 2354 ostendere
2309 2305 2432 2363 vult.

226 2400 374 2448 quam
396 2385 564 2449 quovis
584 2384 697 2432 slio.
762 2384 850 2434 So.
882 2383 1012 2433 Scite
1050 2383 1267 2446 loqueris.
1333 2381 1532 2446 Nonne,
1564 2383 1604 2430 si
1626 2397 1801 2432 nomen
1835 2382 1902 2431 rei
1933 2382 2083 2433 simile
2114 2391 2208 2447 est,
2236 2399 2431 2436 necesu

223 2473 301 2514 est
319 2465 556 2514 elementa
572 2479 632 2513 ex
650 2464 820 2529 quibus
842 2463 992 2528 prima
1025 2461 1219 2511 nomins
1239 2469 1611 2527 componuntnr,
1642 2469 1810 2511 nutura
1834 2461 1937 2527 ipse
1957 2463 2096 2513 rebus
2115 2478 2217 2514 esse
2238 2463 2431 2518 similis.

229 2545 317 2593 Sic
339 2551 499 2593 nutem
522 2542 664 2594 dico:
700 2559 761 2592 nn
797 2543 965 2607 uliquis
985 2542 1273 2607 quandoque
1305 2543 1554 2607 pictorem,
1589 2558 1730 2608 qusm
1763 2558 1905 2607 supra
1934 2544 2153 2602 diximus,
2184 2545 2252 2596 rei
2271 2544 2433 2611 eujus-

233 2640 382 2690 qunm
404 2623 604 2673 similem
626 2624 896 2682 effinxisset,
926 2623 1018 2672 nisi
1039 2622 1221 2674 colores
1252 2618 1348 2690 ipsi
1370 2623 1543 2688 quibus
1579 2618 1767 2674 constet
1787 2624 1961 2690 imsgo,
1998 2634 2158 2676 essent
2176 2634 2344 2676 netum
2363 2626 2434 2677 rei

231 2706 365 2756 illius
387 2705 582 2763 similes,
621 2721 762 2771 quem
796 2704 989 2769 pictoris
1020 2704 1227 2753 studium
1249 2704 1495 2754 imitetur?
1533 2721 1593 2754 sn
1615 2721 1713 2754 non
1747 2704 2074 2772 impossibile?
2139 2708 2306 2759 Cun-
2335 2707 2434 2758 Im-

233 2785 463 2849 possibile
487 2785 642 2849 plsue.
709 2784 796 2834 80.
829 2784 1009 2834 Esdem
1031 2785 1214 2835 rstione
1234 2785 1427 2836 nomine
1448 2786 1554 2850 ipss
1574 2802 1817 2851 nunquam
1840 2787 2040 2851 slicujus
2054 2788 2225 2838 similis
2245 2789 2431 2847 fierent.

229 2865 322 2914 nisi
342 2866 428 2915 ills
445 2866 618 2931 quibus
636 2866 830 2915 nomins
848 2873 1216 2931 componuntnr,
1236 2864 1594 2915 similitudinem
1615 2867 1824 2932 aliquam
1844 2868 2242 2917 heberenteerum
2259 2884 2431 2927 rerum,

232 2961 431 3011 qustum
451 2947 645 2997 nomine
664 2947 949 2996 imitationes
970 2955 1100 2998 eunt.
1162 2946 1237 2996 Es
1259 2961 1368 2996 vero
1388 2946 1563 3011 quibus
1584 2954 1805 2996 constent
1821 2948 2033 3004 nomine,
2053 2948 2286 2997 elemento
2305 2957 2436 2998 sunt.

235 3027 407 3076 Cnsr.
440 3027 583 3078 Sene.
650 3028 738 3077 So.
768 3026 877 3077 Jnm
900 3034 952 3075 ιιι
973 3026 1200 3077 sermonis
1221 3026 1327 3090 ejus
1347 3032 1450 3074 esto
1474 3025 1730 3089 particeps,
1762 3025 1901 3088 eujus
1920 3042 2075 3089 nuper
2094 3026 2434 3091 Hermogenes.

231 3105 313 3154 An
336 3114 464 3156 recte
483 3106 643 3156 dicere
665 3105 756 3155 tibi
776 3106 862 3154 visi
896 3122 1073 3163 sumus,
1105 3105 1236 3169 quod
1268 3105 1425 3169 ipsum
1450 3120 1473 3151 r
1495 3103 1680 3164 buoni,
1710 3104 1880 3164 motui,
1910 3104 2152 3168 esperitsti
2182 3105 2435 3168 congruit?

231 3186 405 3238 Ces-r.
437 3185 590 3237 Recte
612 3186 726 3235 mibi
747 3185 958 3250 quidem.
1020 3186 1106 3236 80.
1138 3184 1303 3250 Ipsum
1325 3194 1485 3233 nutem
1507 3184 1523 3232 l
1547 3184 1717 3233 leniet
1736 3183 1871 3233 molli
1890 3199 1948 3235 no
1965 3185 2133 3233 ceteris
2153 3200 2261 3249 qna
2279 3200 2435 3235 uerre-

230 3267 421 3315 vimus?
488 3251 655 3317 Cnsr‘.
691 3265 929 3314 Profecto.
994 3264 1082 3316 80.
1117 3264 1286 3314 Scisne
1319 3264 1448 3330 quod
1476 3264 1621 3323 idem,
1656 3265 1706 3313 id
1740 3271 1814 3314 est
1836 3264 2133 3330 esperitstem
2164 3264 2317 3329 ipssm
2345 3280 2436 3314 nos

227 3347 430 3412 quidem
450 3346 674 3396 sclerotes
694 3360 933 3404 vocemus,
954 3344 1245 3396 Detrienses
1284 3361 1397 3394 vero
1418 3346 1675 3396 selei-oter?
1708 3345 1877 3396 ean.
1910 3344 2108 3410 Utique.
2140 3344 2228 3395 So.
2262 3344 2434 3395 Utrum

230 3428 376 3475 smbo
398 3426 520 3483 hac,
541 3442 563 3475 r
581 3434 632 3476 et
652 3443 693 3485 s,
714 3426 928 3492 ejusdem
947 3426 1118 3476 similis
1151 3434 1279 3485 sunt,
1312 3426 1536 3491 idemque
1569 3428 1829 3476 ostendunt
1864 3434 1961 3475 tsm
1998 3426 2093 3475 illis
2124 3442 2209 3492 per
2228 3426 2379 3492 ipsius
2410 3442 2436 3477 r

236 3508 676 3558 determinetionem
710 3523 852 3573 qusm
890 3508 1027 3557 nobis
1067 3523 1152 3572 per
1188 3522 1212 3557 s
1252 3507 1590 3559 novissimum:
1640 3508 1716 3557 vel
1751 3505 2034 3573 quibusdsm
2069 3515 2277 3556 nostrum
2313 3506 2437 3557 nihil

235 3589 483 3638 referunt?
547 3589 716 3639 Cnsr.
748 3588 971 3654 Utrisque
991 3589 1135 3654 plsne
1155 3589 1498 3639 demonstrent.
1560 3589 1645 3638 80.
1678 3587 1848 3638 Utrum
1882 3595 2115 3653 quatenus
2135 3587 2305 3637 similis
2323 3594 2435 3637 snut

236 3684 260 3717 r
281 3677 334 3717 et
352 3685 393 3727 ει,
416 3669 490 3718 vel
511 3677 745 3733 quatenus
762 3670 1036 3718 dissimilia?
1103 3668 1274 3719 Cum.
1309 3671 1560 3728 Qustenus
1600 3668 1786 3718 similis.
1853 3669 1940 3718 80.
1972 3667 2022 3716 N
2025 3668 2205 3733 unquid
2243 3667 2434 3732 penitus

238 3747 414 3797 similia
434 3749 575 3798 sunt?
642 3748 723 3796 Ad
745 3748 969 3799 lationem
1007 3765 1143 3814 mque
1179 3749 1554 3814 signiiicsndsm.
1623 3749 1755 3808 Quin
1788 3756 1839 3799 et
1861 3749 2012 3814 ipsum
2033 3748 2052 3798 1
2073 3747 2321 3814 injectum,
2352 3763 2438 3798 cur

237 3846 340 3879 non
361 3829 645 3879 contrsrium
668 3829 929 3892 asperitatis
949 3830 1098 3893 ipsius
1119 3829 1391 3894 significet?
1460 3832 1630 3882 Cur.
1664 3829 1803 3880 Forte
1824 3845 1924 3878 non
1944 3839 2072 3879 recte
2093 3828 2323 3895 injectum
2343 3836 2436 3889 est.

242 3927 273 3958 o
295 3911 532 3965 Socrates,
553 3907 951 3972 quemsdmodnm
973 3924 1032 3957 en
1053 3922 1160 3972 quo
1194 3916 1245 3957 tu
1267 3909 1317 3956 in
1339 3909 1653 3973 superioribus
1685 3924 1795 3958 cum
1817 3908 2127 3974 Hermogene,
2145 3911 2236 3960 isto
2262 3918 2436 3960 uncte·

241 3992 346 4048 bes,
368 3991 484 4039 dum
516 3998 570 4038 et
599 3990 842 4038 auferebas
872 3996 923 4038 et
953 3988 1186 4038 inferebss
1217 3988 1376 4038 literas
1415 3989 1495 4038 ubi
1529 3990 1727 4038 maxime
1766 3990 2029 4054 oportebat.
2060 4006 2119 4041 ιο
2161 3998 2289 4042 recte
2322 3987 2440 4040 mihi

243 4070 398 4121 fucere
417 4070 670 4121 videbsris.
700 4076 752 4118 et
769 4085 899 4120 nunc
917 4070 1038 4119 forte
1060 4085 1145 4133 pro
1167 4070 1182 4118 l
1206 4084 1228 4117 r
1249 4071 1587 4134 apponendum
1608 4079 1698 4120 est.
1744 4070 1832 4119 80.
1862 4069 2016 4120 Probe
2036 4070 2258 4137 loqueris.
2305 4069 2437 4130 Quid

243 4166 352 4200 vero
373 4166 524 4214 nunc,
547 4159 601 4199 ut
620 4150 870 4215 loquimur,
893 4148 1010 4199 nihil
1033 4150 1319 4216 percipimus
1337 4150 1561 4208 invicem,
1583 4151 1774 4215 quando
1795 4149 1902 4215 quis
1922 4151 2103 4201 scleron
2126 4148 2438 4218 pronuntiat?

247 4246 401 4297 neque
424 4240 479 4280 tu
501 4231 617 4296 quid
640 4247 767 4280 nuuc
787 4248 878 4296 ego
899 4232 1074 4290 dicam,
1098 4231 1359 4297 intelligis?
1423 4232 1594 4283 Cns‘r.
1627 4231 1850 4296 Intelligo
1870 4231 2089 4295 equidem
2111 4237 2304 4294 propter
2321 4241 2441 4276 con-

249 4313 563 4363 suetudinem.
629 4312 713 4363 So.
747 4311 793 4360 Ο
825 4313 892 4361 vir
914 4312 1226 4377 lepidissime,
1247 4329 1357 4362 cum
1390 4312 1783 4364 consuetudinem
1816 4311 1955 4367 dicis,
1986 4309 2100 4372 quid
2123 4307 2253 4355 aliud
2275 4314 2444 4369 prem

246 4391 609 4441 conventionem
631 4391 787 4441 dicere
810 4392 984 4455 putas?
1018 4407 1079 4440 sn
1103 4393 1231 4442 slind
1269 4394 1660 4442 consuetudinem
1696 4406 1853 4446 voces,
1886 4402 2028 4452 qusm
2056 4383 2187 4449 quod
2206 4398 2298 4447 ego
2329 4398 2440 4435 oum

247 4468 295 4519 id
317 4470 590 4537 pronuntio,
611 4471 730 4522 illud
753 4472 912 4537 cogito
933 4489 946 4521 z
984 4479 1033 4521 ιιι
1054 4488 1244 4538 quoque
1266 4474 1395 4538 quod
1419 4473 1521 4537 ipse
1542 4471 1765 4535 cogitem,
1788 4464 2026 4531 percipis?
2059 4463 2263 4515 nonhoc
2280 4461 2441 4515 dicis?
