2917 4975
180 441 240 519 ⁷]
1008 450 1531 524 EUTHYPHRO.
2303 465 2384 525 99

177 633 206 665 o
228 618 476 670 Socrates:
515 638 626 671 nam
647 621 686 671 si
711 637 784 671 me
808 636 1023 672 accusare
1046 620 1312 681 tentaverit,
1335 608 1584 688 reperiam,
1607 633 1659 672 ut
1679 625 1866 689 opinor,
1904 608 2084 675 nbi'ine
2108 612 2281 672 debilis
2303 624 2376 672 in-

171 699 427 766 firmusque
446 703 527 766 sit,
565 719 623 753 ac
645 704 792 752 multo
815 703 942 767 prius
964 703 1026 752 de
1047 703 1148 760 illo,
1170 720 1312 768 quam
1350 705 1413 753 de
1441 720 1518 752 me
1548 706 1607 754 in
1632 704 1820 769 judicio
1860 704 2217 770 disceptabitur,
2283 705 2373 753 Se.

172 778 324 844 Atqui
341 798 433 846 ego
455 784 578 841 δα,
600 801 631 832 o
653 782 807 833 duicis
830 784 998 841 amice,
1021 784 1325 834 considerans
1346 785 1608 849 discipulus
1632 793 1739 835 tuus
1761 803 1862 835 esse
1884 786 2118 844 desidero,
2154 801 2263 835 cum
2286 802 2375 834 no-

169 858 270 917 rim,
287 864 416 926 quod
441 871 493 913 et
513 864 636 913 alius
656 865 869 933 quidam,
891 874 943 913 et
961 865 1162 914 Melitus
1193 866 1283 915 iste
1315 872 1364 914 te
1384 866 1577 930 quidem
1600 867 1725 915 haud
1748 867 1884 925 vidit,
1917 882 1991 916 me
2012 882 2120 916 vero
2144 868 2212 915 sic
2231 873 2373 915 acute

167 939 399 1006 facileque
420 944 652 1010 inspexit,
671 952 728 995 ut
749 945 1006 1010 impietatis
1027 947 1105 996 hic
1124 946 1432 997 accusaverit.
1503 946 1649 997 Nunc
1681 964 1791 1011 ergo
1814 963 1900 1013 per
1915 947 2080 996 Jovem
2103 947 2218 995 milii
2236 947 2374 996 dicas

173 1023 295 1085 quod
317 1023 464 1087 plane
487 1041 631 1075 nosse
653 1026 941 1084 asseverasti,
964 1027 1080 1091 quid
1102 1028 1253 1093 pium,
1285 1027 1464 1092 quidve
1497 1028 1696 1093 impium
1718 1044 1822 1077 esse
1841 1028 1977 1092 velis,
1998 1035 2048 1076 et
2067 1028 2129 1076 de
2152 1042 2288 1085 nece,
2322 1034 2375 1075 et

168 1102 227 1150 dc
245 1104 413 1153 ceteris
434 1105 676 1154 omnibus.
738 1107 820 1155 An
843 1123 939 1155 non
956 1107 1082 1156 idem
1107 1108 1247 1157 estin
1271 1109 1469 1173 singulis
1493 1109 1758 1158 actionibus
1775 1109 1934 1174 ipsum
1955 1108 2046 1156 sibi
2065 1116 2297 1164 sanctum,
2320 1113 2372 1154 et

169 1183 412 1244 'profanum
435 1201 596 1235 mnus
618 1202 758 1236 omne
781 1195 946 1237 sancto
969 1189 1274 1247 contrarium,
1295 1188 1448 1252 ipsum
1472 1206 1581 1237 vero
1602 1189 1692 1237 sibi
1711 1190 1806 1254 ipsi
1826 1189 2090 1251 consimile,
2111 1203 2370 1248 unamque,

165 1264 425 1313 secundum
468 1268 600 1330 quod
632 1269 882 1331 profanum
917 1276 1007 1326 est,
1042 1269 1197 1317 ideam
1232 1270 1392 1325 habet,
1417 1270 1737 1334 quodcunque
1771 1271 2019 1334 profanum
2055 1285 2157 1317 esse
2191 1269 2368 1318 debet?

165 1339 257 1391 Eu.
290 1344 531 1405 Omnino,
569 1363 601 1396 ο
623 1349 858 1399 Socrates.
923 1348 1007 1397 So.
1043 1349 1142 1398 Dic
1176 1364 1308 1413 ergo,
1342 1350 1460 1412 quid
1500 1358 1736 1410 sanctum,
1771 1349 1889 1413 quid
1927 1350 2169 1412 profanum
2191 1350 2371 1397 vocas?

164 1421 256 1473 Eo.
290 1424 527 1475 Sanctum
562 1427 755 1491 quidem
778 1444 923 1490 voco,
956 1429 1086 1492 quod
1125 1429 1232 1492 ipse
1254 1444 1383 1477 nunc
1403 1429 1530 1476 facio
1552 1445 1565 1476 ε
1600 1445 1706 1477 eum
1728 1430 1810 1492 qui
1832 1428 2005 1492 injuste
2025 1428 2124 1491 ag‘rt
2151 1428 2225 1475 vel
2248 1428 2374 1475 circa

163 1504 335 1562 caedes,
358 1506 441 1553 vel
467 1506 730 1570 sacrilegia,
751 1506 824 1557 vel
847 1507 977 1555 aliud
999 1507 1141 1571 hujus
1164 1508 1369 1571 generis,
1402 1508 1452 1555 in
1485 1506 1721 1572 judicium
1755 1508 1951 1563 trabere,
1986 1523 2066 1555 seu
2089 1514 2242 1570 pater,
2272 1506 2371 1554 sive

162 1591 329 1643 mater,
367 1587 477 1634 sive
499 1584 657 1650 quivis
694 1587 815 1636 alius
849 1586 1116 1651 deliquerit.
1150 1594 1316 1636 contra
1331 1585 1466 1651 ‘vei-o,
1507 1588 1771 1651 profanum.
1838 1587 1970 1645 Quin
2000 1586 2108 1635 vide
2130 1601 2309 1651 quaeso,
2341 1602 2372 1633 o

157 1664 404 1723 Socrates,
428 1681 571 1730 quam
594 1667 796 1717 validam
820 1666 906 1716 tibi
928 1667 1045 1732 legis
1067 1667 1387 1732 conjecturam
1410 1668 1621 1726 referam,
1641 1668 1769 1733 quod
1790 1667 1859 1716 ita
1875 1667 1953 1725 sit,
1974 1666 2372 1732 quemadmodum

157 1744 260 1794 aliis
299 1761 509 1810 quoque
541 1748 740 1805 narravi,
772 1748 950 1797 docens
982 1755 1079 1796 tum
1113 1749 1302 1797 demum
1336 1757 1462 1799 recte
1492 1749 1589 1814 agi,
1624 1764 1730 1797 cnm
1764 1748 1882 1797 nulli
1916 1752 2105 1812 prorsus'
2130 1746 2367 1812 peccanti,

159 1825 380 1890 quisquis
403 1825 487 1875 ille
509 1827 588 1889 sit,
610 1827 863 1892 parcimus.
897 1827 1050 1877 ·Nam
1087 1830 1294 1883 fatentur
1324 1845 1506 1892 omnes,
1536 1831 1707 1880 Jovem
1738 1831 1901 1895 ipsum
1937 1830 2131 1878 deorum
2153 1829 2363 1877 omnium

161 1906 396 1969 optimum
419 1914 567 1972 atque
581 1908 892 1972 justissimum
913 1926 1033 1969 esse,
1070 1925 1213 1975 quem
1235 1918 1393 1959 tamen
1416 1920 1596 1976 patrem
1619 1926 1755 1959 suum
1787 1911 2002 1976 ligavisse
2025 1911 2198 1968 ferunt,
2228 1910 2362 1974 quod

163 1993 297 2035 natos
322 1988 510 2053 absque
542 1986 654 2052 jure
684 1989 1016 2039 devoravisset.
1079 1990 1223 2039 Illum
1248 1994 1473 2056 preterea
1506 1992 1587 2057 [6]
1623 1999 1803 2056 patrem
1840 1992 2112 2041 castravisse
2148 1991 2212 2038 ob
2250 1990 2364 2038 talia

164 2068 382 2129 quadam
403 2076 638 2117 asserunt.
704 2069 832 2118 Mihi
855 2076 972 2119 vero'
985 2080 1284 2137 succensent,
1306 2073 1432 2137 quod
1459 2080 1700 2137 parentem
1722 2071 1966 2136 injustitias
1979 2071 2231 2120 obnoxium
2255 2085 2362 2133 per-

163 2161 344 2211 sequor.
380 2156 529 2214 atque
549 2149 618 2197 ita
638 2150 851 2198 homines
872 2150 950 2200 isti
970 2152 1057 2200 sibi
1074 2153 1192 2217 ipsis
1215 2161 1310 2201 tam
1330 2153 1393 2201 de
1413 2153 1524 2211 diis,
1545 2168 1685 2217 quam
1708 2153 1771 2202 de
1794 2169 1868 2201 me
1890 2152 2121 2201 contraria
2137 2150 2365 2198 s'entiu'nt.

165 2226 247 2276 So.
280 2227 444 2294 Atqui
464 2231 587 2278 hinc
609 2231 675 2279 ob
697 2246 907 2289 causam,
946 2249 975 2280 o
997 2231 1333 2297 Euthyphron,
1367 2240 1580 2295 accusor,
1600 2249 1755 2296 neque
1775 2233 1890 2296 quid
1912 2233 2220 2296 respondeam
2251 2228 2365 2278 satis

166 2306 330 2359 habeo.
365 2324 482 2357 nam
503 2311 693 2373 quoties
713 2311 777 2359 de
798 2311 892 2359 diis
914 2312 1026 2359 talia
1061 2313 1280 2377 quaedam
1319 2313 1427 2376 quis
1459 2312 1655 2366 diceret.
1688 2312 1885 2359 moleste
1915 2311 2153 2358 ferebam:
2188 2325 2285 2373 qua
2304 2310 2366 2356 de

165 2402 319 2447 causa,
343 2398 401 2438 ut
426 2388 629 2447 videtur,
651 2406 851 2455 peccare
871 2406 947 2439 me
968 2391 1142 2441 ferunt.
1208 2391 1354 2440 Nunc
1377 2400 1555 2448 autem,
1578 2391 1618 2438 si
1639 2391 1728 2439 tibi
1747 2391 1850 2438 haec
1869 2389 1937 2437 ita
1966 2389 2184 2436 videntur
2202 2388 2365 2435 harum

166 2481 308 2517 rerum
327 2470 509 2536 perito,
527 2487 723 2522 necesse
743 2480 815 2522 est
836 2488 926 2520 nos
947 2472 1088 2521 etiam
1111 2474 1396 2522 consentire.
1429 2471 1546 2538 quid
1573 2471 1700 2522 enim
1723 2470 1851 2519 aliud
1873 2469 2167 2520 diceremus?
2187 2468 2368 2533 quippe

166 2548 244 2611 qui
264 2550 382 2599 nihil
406 2551 471 2600 de
491 2551 551 2601 iis
569 2552 836 2617 intelligere
858 2553 1185 2618 praedicemus.
1250 2554 1475 2603 Ceterum
1505 2567 1587 2617 per
1615 2553 1787 2604 Jovem
1820 2550 2113 2600 amicabilem
2147 2550 2262 2597 milri
2291 2550 2365 2598 di-

165 2643 258 2688 cas,
277 2646 338 2679 an
362 2633 471 2696 ipsc
493 2632 563 2682 sic
583 2634 675 2681 ista
696 2649 858 2684 revera
880 2635 1092 2685 evenisse
1115 2642 1270 2698 putes.
1333 2633 1431 2684 Eu.
1468 2634 1533 2682 Et
1553 2631 1831 2682 mirabiliora
1846 2633 2061 2696 insuper,
2083 2623 2116 2679 o
2132 2631 2367 2695 Socrates,

167 2723 269 2772 quae
290 2712 459 2761 multis
480 2714 666 2763 occulta
687 2721 814 2764 sunt.
882 2715 969 2765 So.
1001 2716 1189 2764 Bellum
1228 2716 1371 2779 igitur
1406 2715 1536 2764 inter
1564 2716 1682 2763 deos
1703 2712 1869 2777 agitari
1883 2713 2090 2761 invicem
2111 2712 2366 2768 arbitraris,

167 2788 549 2857 mundanique,
583 2802 634 2842 ct
664 2809 861 2859 pugnas,
893 2795 1081 2861 aliaque
1116 2795 1363 2859 permulta,
1394 2809 1502 2859 qum
1523 2811 1551 2844 a
1586 2794 1761 2860 poetis,
1794 2800 1845 2841 et
1871 2792 2034 2857 peritis
2059 2792 2363 2857 scriptoribus

166 2874 515 2923 memorantur?
581 2874 725 2925 Unde
746 2884 797 2924 et
815 2875 908 2924 alia
929 2877 1066 2925 nobis
1088 2891 1217 2925 sacra
1235 2874 1508 2940 hujusmodi
1530 2876 1756 2925 varietate
1783 2886 1894 2922 sunt
1914 2867 2074 2938 piena,
2092 2874 2215 2935 etfiin
2234 2889 2366 2937 mag·

164 2952 233 3001 nis
251 2954 589 3003 Panathenaea
623 2955 815 3020 peplum
847 2956 905 3004 iis
929 2956 1106 3020 pictum
1137 2956 1188 3004 in
1225 2970 1333 3005 arce
1370 2956 1689 3019 suspenditur.
1756 2955 1834 3001 An
1858 2955 1959 3001 haec
1979 2969 2107 3014 vera,
2126 2969 2156 3000 ο
2179 2952 2365 3016 Euthy-

165 3033 338 3098 ΡΙιωο,
366 3049 470 3083 esse
503 3035 793 3083 fatebimur?
858 3035 956 3084 Eu.
987 3035 1105 3083 Non
1133 3038 1238 3084 haec
1265 3036 1386 3093 sola,
1423 3051 1454 3082 o
1497 3035 1745 3083 Socraten
1777 3034 1882 3089 sed,
1912 3034 2043 3095 quod
2077 3033 2220 3095 paulo
2254 3040 2365 3080 ante

166 3114 396 3179 dixeram,
418 3115 514 3163 alia
534 3129 726 3180 quoque
751 3115 918 3174 multa,
940 3116 980 3165 si
1002 3116 1138 3174 velis,
1160 3116 1222 3164 de
1243 3115 1418 3163 divinis
1438 3129 1672 3178 exponam
1695 3129 1707 3159 ε
1741 3127 1849 3175 qum
1870 3127 1977 3160 cum
2000 3111 2249 3169 audiveris,
2271 3113 2369 3160 scio

165 3195 271 3257 quid
299 3196 494 3260 loquor,
516 3195 716 3243 nimium
738 3196 1063 3259 obstupesccs.
1128 3197 1214 3243 So.
1247 3194 1564 3259 Nequaquam
1596 3193 1785 3241 mirarer
1802 3211 1816 3240 z
1850 3207 2007 3240 verum
2027 3191 2119 3241 ista
2139 3192 2365 3257 deinceps

166 3275 332 3340 mojori
354 3291 467 3325 cum
491 3275 591 3323 otio
613 3275 815 3323 referes:
849 3276 899 3322 in
935 3276 1184 3338 praesentia
1204 3291 1311 3325 vero
1344 3277 1474 3341 quod
1508 3275 1649 3324 modo
1682 3273 1876 3339 quaesivi
1907 3273 2139 3338 explicare
2179 3264 2363 3338 planius

165 3357 332 3406 nitere.
367 3369 531 3418 neque
552 3353 678 3402 enim
703 3354 936 3420 principio
975 3355 1272 3415 sufficienter,
1303 3358 1471 3416 amice,
1505 3372 1580 3406 me
1606 3356 1829 3413 docuisti,
1860 3371 1966 3405 cum
1999 3357 2115 3421 quid
2148 3355 2361 3404 sanctum

165 3447 278 3486 esset
303 3435 674 3498 interrogarem:
709 3437 790 3484 sed
811 3435 861 3483 id
892 3443 1102 3484 sanctum
1126 3452 1228 3485 esse
1250 3436 1425 3494 dixisti,
1465 3436 1595 3502 quod
1631 3443 1681 3485 tu
1718 3452 1845 3484 nunc
1875 3451 2055 3501 ageres,
2083 3437 2198 3484 dnm
2232 3437 2362 3486 necis

165 3529 287 3566 reum
313 3521 498 3581 patrem
521 3523 652 3563 tuum
676 3530 883 3568 accusas.
945 3515 1043 3565 Eu.
1075 3517 1139 3566 Et
1158 3533 1266 3567 vera
1301 3518 1541 3582 nimirum,
1577 3535 1606 3566 o
1639 3518 1874 3579 Socrates,
1904 3517 2020 3566 dixi.
2083 3518 2169 3568 So.
2203 3516 2360 3568 Forte.

166 3599 243 3646 sed
267 3614 382 3647 num
405 3598 500 3646 alia
520 3599 756 3656 multa,2o
779 3598 1112 3664 Eutbyphron‚
1134 3608 1298 3649 sancta
1330 3600 1609 3664 nuncupas?
1675 3598 1772 3648 Eu.
1804 3597 1869 3646 Et
1889 3597 1998 3646 aiis.
2062 3598 2146 3647 So.
2179 3598 2360 3647 Recor-

167 3676 273 3729 dare
293 3677 440 3743 igitur
459 3680 589 3744 quod
614 3695 711 3728 non
732 3680 823 3729 hoc
845 3681 930 3728 abs
952 3687 1002 3727 te
1034 3680 1171 3743 petii,
1204 3686 1260 3728 ut
1279 3695 1427 3728 unum
1462 3695 1540 3728 me
1573 3686 1658 3728 aut
1677 3680 1773 3728 duo
1793 3694 1852 3727 ex
1874 3678 2033 3727 multis
2053 3678 2245 3736 sanctis,
2256 3680 2363 3727 “sed

166 3755 291 3808 illam
311 3759 467 3824 ipsam
489 3761 823 3825 speciem,qua
842 3767 1018 3810 cuncta
1038 3768 1204 3810 sancta
1227 3768 1338 3809 sunt
1357 3769 1538 3819 sancta,
1559 3763 1769 3810 doceres.
1807 3759 1968 3809 dixisti
1990 3761 2115 3809 enim
2138 3774 2233 3808 una
2253 3758 2362 3807 idea

173 3839 330 3888 omnia
363 3847 548 3903 sancta,
581 3848 744 3890 sancta
775 3856 897 3899 esse,
930 3847 1074 3905 atque
1111 3855 1209 3888 una
1239 3840 1408 3889 iterum
1444 3855 1553 3906 quae
1588 3849 1701 3890 sunt
1731 3841 1947 3907 profana,
1985 3842 2199 3905 profana.
2268 3838 2365 3888 Eu.

167 3916 415 3984 Equidem.
479 3921 568 3970 So.
601 3921 844 3978 Quanam
855 3920 918 3977 sit
937 3921 1044 3970 hoec
1066 3921 1169 3985 ipsa
1187 3919 1297 3969 idea
1319 3921 1435 3970 mihi
1458 3923 1744 3980 demonstra,
1780 3931 1835 3970 ut
1855 3923 1917 3970 ad
1941 3922 2066 3970 illam
2090 3920 2365 3984 respiciens,

167 4013 312 4065 caque
334 4009 558 4067 tanquam
580 4002 836 4067 exemplari
857 4002 1022 4067 aliquo
1046 4009 1203 4064 utens,
1223 4003 1543 4067 quodcunque
1561 4010 1636 4061 tu,
1657 4004 1731 4051 vel
1754 4003 1873 4050 alius
1893 4002 2049 4066 quivis
2070 4003 2166 4050 tale
2187 4001 2363 4057 facitis,

169 4087 375 4130 metum
398 4096 504 4130 esse
525 4081 713 4132 dicam:
748 4082 879 4146 quod
919 4088 1079 4130 autem
1109 4081 1356 4139 dissimile,
1386 4097 1573 4147 negem.
1639 4082 1737 4132 Eu.
1770 4082 1821 4130 Si
1853 4082 1923 4130 ita
1945 4083 2033 4139 vis,
2068 4098 2099 4129 o
2132 4079 2364 4136 Socrates,

167 4158 225 4210 in
245 4162 421 4214 dicam.
488 4162 575 4215 Su.
606 4163 762 4212 Immo
785 4163 911 4213 volo.
980 4162 1078 4213 Eu.
1117 4163 1261 4220 Quod
1283 4163 1475 4227 quidem
1497 4163 1590 4212 diis
1611 4164 1833 4218 anticum,
1857 4171 2070 4211 sanctum
2093 4170 2166 4211 est
2185 4178 2200 4209 ε
2233 4161 2365 4222 quod

167 4244 481 4292 mnamicum
501 4259 631 4305 vero,
646 4243 912 4309 profanum.
983 4244 1069 4294 So.
1107 4243 1189 4309 [⁷]
1225 4243 1382 4302 Quam
1414 4244 1743 4309 pulcherrime,
1777 4259 1807 4290 o
1846 4242 2181 4306 Euthyphron,
2216 4246 2365 4299 utque

167 4327 209 4370 te
225 4324 511 4388 respondere
545 4323 793 4388 Jubcbam‚
822 4326 890 4375 sic
912 4326 1120 4391 denique
1145 4326 1472 4390 respondisti:
1510 4333 1663 4375 utrum
1686 4333 1844 4373 tamen
1867 4337 2026 4369 verum
2050 4314 2364 4381 responderis,

168 4403 368 4452 nondum
391 4403 537 4453 novi:
571 4406 655 4453 sed
675 4412 726 4453 ta
748 4404 888 4470 plane
911 4419 1020 4454 vera
1041 4407 1144 4456 haec
1163 4421 1271 4455 csse
1294 4407 1431 4455 nobis
1468 4409 1707 4456 ostendes.
1779 4405 1873 4451 Eu.
1906 4397 2116 4448 Omnino
2150 4394 2360 4458 quidem.

162 4481 243 4533 So.
273 4483 381 4549 Age
401 4485 570 4551 itaque
589 4485 662 4550 td,
695 4486 758 4536 de
779 4502 875 4552 quo
909 4487 1130 4546 dicimus,
1167 4488 1536 4539 consideremus.
1606 4487 1716 4535 Deo
1739 4481 1943 4532 nmirum
1967 4490 2107 4539 opus,
2140 4475 2371 4540 unctum,
