2917 4975
249 474 394 551 ω]
1202 476 1442 537 LYSIS.
2361 484 2438 542 35

246 629 334 679 tibi
356 631 576 680 videtur?
643 631 754 680 Mn.
788 632 982 686 Verum.
1044 635 1132 685 So.
1172 635 1394 686 Amatum
1409 638 1555 701 igitur
1573 640 1751 687 amanti
1766 639 1968 689 amicum
1987 647 2150 697 est‚ut
2166 647 2430 706 apparego

244 709 532 769 Menexeue,
570 713 670 762 sive
712 715 953 776 amaverit,
990 716 1090 763 slve
1128 717 1314 778 oderit3
1359 719 1755 790 quemadmodum
1795 720 2048 769 teneriores
2089 721 2224 783 pueri
2260 719 2431 783 partim

243 790 375 838 nullo
397 793 537 840 modo
560 800 738 849 amant,
774 793 920 860 [213]
956 796 1124 859 partim
1150 798 1369 855 oderunt,
1392 799 1585 862 quando
1609 814 1637 847 a
1661 801 1933 863 parentibus
1953 801 2281 850 verberantur:
2314 807 2434 848 tuuc

243 883 373 927 sane,
394 871 506 918 dum
530 874 830 921 vehementer
850 874 962 921 odio
984 876 1177 936 babent,
1198 878 1488 940 genitoribus
1510 886 1621 926 sunt
1641 880 1880 927 carissimi.
1946 879 2056 927 Μι.
2088 880 2274 944 Opiuor
2293 880 2434 945 equi·

241 949 364 997 dem.
416 951 501 999 So.
534 951 651 999 Non
683 969 794 1017 ergo
831 970 991 1003 amans
1028 956 1205 1004 amicus
1244 959 1503 1005 secundum
1543 960 1665 1007 hanc
1702 960 1948 1016 rationem,
1977 961 2067 1008 sed
2105 969 2287 1009 amatus
2323 960 2432 1009 erit.

242 1027 351 1079 Ma.
387 1029 608 1079 Videtur.
673 1031 761 1081 So.
797 1032 861 1081 Et
889 1035 1001 1082 odio
1038 1036 1222 1084 habitus
1253 1037 1492 1094 iuimicus,
1529 1053 1625 1086 non
1655 1040 1768 1086 odio
1800 1040 1992 1088 habens.
2060 1041 2169 1088 Mn.
2201 1039 2434 1104 Apparet.

238 1109 325 1159 So.
358 1110 437 1158 Ita
458 1112 593 1159 multi
615 1107 676 1159 ab
696 1113 898 1162 inimicis
921 1125 1150 1173 amantur,
1183 1124 1234 1165 et
1266 1118 1379 1164 odio
1411 1118 1474 1165 ab
1508 1119 1669 1166 amicis
1703 1120 1961 1167 habentur:
1991 1120 2268 1168 etinimicis
2290 1119 2432 1167 amici

237 1198 364 1254 sunt,
386 1193 553 1240 amicis
573 1201 739 1241 contra
771 1194 950 1242 inimici
967 1213 982 1254 3
1018 1195 1059 1244 si
1079 1205 1285 1245 amatum
1315 1197 1500 1261 potius,
1531 1214 1670 1262 quam
1706 1215 1884 1261 amaus,
1915 1200 2117 1248 amicum
2150 1207 2238 1250 est.
2306 1198 2431 1256 Quo

235 1279 394 1318 autem
418 1272 520 1320 hoc
557 1282 683 1321 esset
715 1274 995 1332 absurditas,
1025 1293 1057 1325 o
1088 1276 1241 1325 dulcis
1274 1277 1460 1325 amice?
1493 1277 1645 1325 Immo
1665 1279 1955 1341 impossibile
1975 1279 2024 1325 id
2047 1279 2255 1342 quidem,
2273 1278 2434 1338 ¹amico

235 1350 499 1414 inimicum,
530 1353 732 1403 inimico
764 1356 965 1404 amicum
999 1371 1119 1405 esse.
1183 1357 1292 1404 Mn.
1326 1357 1454 1404 Vera
1478 1359 1607 1421 loqui
1631 1359 1822 1413 videris,
1843 1375 1872 1405 o
1895 1360 2126 1408 Socrates.
2187 1359 2273 1407 So.
2305 1356 2371 1403 Et
2391 1358 2435 1405 si

234 1432 326 1480 boc
346 1433 449 1481 fieri
471 1433 607 1482 nullo
628 1435 773 1482 modo
802 1443 982 1498 potest,
1013 1444 1175 1494 restat,
1214 1445 1267 1484 ut
1303 1453 1466 1485 amans
1496 1439 1639 1485 amati
1672 1439 1735 1485 sit
1766 1439 1988 1486 amicum.
2053 1438 2163 1486 Mn.
2198 1436 2434 1500 Apparet.

231 1511 313 1560 So.
348 1513 582 1561 Similiter
603 1515 733 1576 quod
757 1516 870 1562 odio
891 1517 1052 1578 babet,
1070 1517 1313 1565 inimicum
1347 1517 1451 1579 ejus
1491 1519 1619 1581 quod
1657 1518 1769 1564 odio
1806 1519 2018 1564 habetur.
2082 1516 2194 1564 Ma.
2226 1516 2435 1566 Necesse

229 1600 320 1641 est.
381 1594 465 1641 So.
503 1593 684 1642 Eadem
722 1594 859 1642 uobis
893 1611 1019 1644 nunc
1059 1605 1213 1653 erunt,
1246 1611 1353 1659 quae
1389 1605 1440 1645 et
1475 1597 1527 1644 in
1570 1596 1903 1660 superioribus,
1942 1597 2264 1650 concedenda,
2301 1598 2431 1662 quod

227 1672 520 1735 plerumque
543 1674 744 1722 amicum
777 1673 847 1723 sit
879 1674 1057 1739 aliquid
1090 1691 1185 1723 nou
1219 1676 1375 1731 amici,
1409 1676 1683 1740 plerumque
1715 1676 1856 1723 etiam
1890 1675 2100 1736 inimiei3
2124 1673 2310 1738 quoties
2331 1691 2429 1725 non

229 1757 477 1799 amantem
500 1752 575 1800 vel
598 1752 914 1802 fastidientem
935 1755 1043 1818 quis
1065 1761 1206 1802 amat.
1236 1771 1571 1819 nonnunquam
1597 1756 1814 1804 inimicus
1837 1755 1923 1805 erit
1943 1770 2039 1803 non
2061 1754 2260 1813 inimici,
2282 1755 2355 1804 vel
2377 1764 2432 1805 et

233 1830 376 1879 amici
393 1849 409 1891 ;
443 1833 638 1894 quando
673 1848 770 1880 non
792 1832 1111 1883 fastidientem
1133 1834 1239 1898 quis
1259 1835 1378 1891 odit,
1400 1834 1476 1883 vel
1510 1835 1691 1883 fastidit
1711 1846 1963 1886 amantem.
2026 1836 2136 1887 Mn.
2183 1836 2262 1885 Ita
2294 1837 2428 1886 vide-

232 1917 326 1961 tur.
394 1911 481 1959 So.
514 1911 645 1969 Quid
669 1928 779 1976 ergo
802 1912 1031 1971 dicemus,
1065 1915 1103 1963 si
1140 1930 1296 1978 neque
1333 1923 1546 1963 amantes
1583 1916 1719 1965 amici
1753 1924 1906 1974 erunt,
1942 1932 2096 1980 neque
2134 1916 2302 1966 amatie
2336 1933 2428 1967 noc

232 1997 447 2039 amantes
485 1993 754 2057 amarique?
786 2009 899 2042 num
920 1995 1038 2042 alios
1059 1996 1291 2059 quosdam
1314 2004 1485 2060 prater
1506 1997 1618 2045 istos
1638 1997 1813 2045 amicos
1834 1997 2035 2045 invicem
2057 2014 2160 2046 esse
2178 1998 2427 2047 dicemus?

232 2067 345 2118 Mn.
382 2071 476 2119 Per
494 2071 680 2129 Jovem‚
697 2087 727 2121 o
746 2073 978 2136 Socrates,
997 2074 1112 2138 quid
1131 2075 1438 2139 respondeam
1454 2091 1552 2123 nou
1573 2076 1781 2126 invenio.
1817 2076 1902 2124 So.
1923 2076 2067 2132 Vide,
2088 2092 2119 2125 o
2136 2077 2427 2137 Meneaeue,

234 2168 298 2201 ne
328 2152 451 2199 sorte
487 2152 641 2199 minus
670 2161 795 2201 recto
830 2153 882 2201 in
919 2155 1231 2217 superioribus
1262 2157 1632 2218 quesiverimus.
1695 2156 1815 2205 Tum
1839 2157 1997 2222 Lysis,
2018 2157 2096 2214 Id,
2118 2158 2289 2222 inquit.
2310 2158 2430 2206 mibi

234 2232 438 2290 videtur,
476 2246 506 2278 o
545 2231 789 2280 Socraten
822 2241 875 2282 et
910 2234 979 2284 sic
1018 2234 1143 2281 fatus
1175 2235 1380 2285 erubuit.
1445 2235 1616 2283 Visum
1653 2249 1860 2298 namque
1894 2237 2030 2298 mihi,
2056 2236 2257 2284 invitum
2292 2236 2427 2285 illum

235 2312 459 2376 effugisse
492 2313 623 2376 quod
656 2313 918 2378 dicebatur,
949 2331 1007 2363 ex
1040 2331 1099 2363 eo
1121 2315 1251 2377 quod
1272 2314 1502 2363 attentius
1522 2315 1841 2364 incumbebat.
1874 2316 1943 2363 sic
1962 2316 2109 2378 enim,
2129 2316 2243 2363 dum
2260 2316 2429 2364 audie·

234 2395 331 2452 bat,
360 2394 535 2442 habere
571 2409 622 2442 se
653 2395 913 2443 videbatur.
980 2395 1088 2458 Ego
1125 2395 1286 2459 itaque
1323 2396 1487 2443 volens
1521 2396 1841 2448 Mencxenum
1875 2397 2183 2460 requiescere,
2217 2402 2268 2442 et
2301 2394 2430 2445 illius

237 2474 540 2541 philosophia
574 2474 769 2523 nimium
805 2475 1084 2532 delectatus,
1124 2475 1191 2524 sic
1228 2474 1453 2541 Lysidem
1491 2474 1724 2525 allocutus
1757 2490 1889 2526 mm:
1939 2474 1985 2524 Ο
2008 2474 2166 2540 Lysis,
2186 2490 2297 2524 vera
2316 2474 2434 2524 mibi

239 2554 371 2620 loqui
392 2555 585 2617 videris,
612 2555 726 2620 qnia
748 2556 787 2603 si
814 2563 940 2605 recte
961 2555 1454 2617 consideravissemus,
1477 2556 1600 2603 baud
1621 2555 1691 2603 ita
1719 2570 1847 2603 nunc
1877 2555 2203 2603 aberraremus.
2271 2553 2434 2613 Quare

240 2652 301 2685 ae
321 2635 522 2686 ulterius
542 2637 632 2684 bac
653 2636 729 2684 via
753 2652 1016 2700 pergamus.
1039 2636 1214 2685 etenim
1236 2637 1381 2683 ardua
1400 2636 1514 2684 mihi
1537 2636 1670 2701 quasi
1694 2636 1771 2683 via
1788 2636 2005 2700 quedam
2023 2651 2191 2699 aspera
2210 2635 2431 2685 conside-

237 2716 356 2765 ratio
376 2715 471 2764 ista
492 2716 692 2766 videtur.
750 2715 845 2764 Sed
868 2717 975 2778 iter,
995 2718 1123 2781 quod
1144 2731 1273 2765 nuuc
1294 2716 1492 2781 ingressi
1512 2730 1687 2772 sumus,
1710 2714 1956 2779 poetarum
1977 2715 2272 2765 adminiculis
2293 2730 2432 2781 pera·

236 2797 461 2861 gendum.
497 2796 643 2861 [21⁴]
680 2797 730 2843 bi
777 2812 979 2861 namque
1015 2797 1154 2845 nobis
1196 2803 1419 2860 tauquam
1456 2804 1611 2860 patres
1653 2803 1796 2859 atque
1836 2796 1981 2843 duces
2014 2796 2262 2858 sapientiai
2304 2803 2430 2845 suat.

234 2874 422 2924 Dicunt
451 2874 665 2938 profecto
687 2890 783 2923 uon
806 2876 944 2933 male,
965 2877 1078 2925 dnm
1099 2877 1183 2942 qui
1204 2876 1347 2925 amici
1370 2877 1483 2934 sint,
1515 2877 1800 2927 admoneutz
1834 2874 2048 2923 homines
2069 2884 2292 2939 praterea
2310 2892 2430 2925 eon·

234 2955 460 3005 clliatoris
482 2954 580 3002 Dei
601 2956 747 3003 ductu
769 2954 946 3004 amicos
966 2956 1065 3004 fieri
1086 2955 1269 3004 volunt.
1334 2957 1424 3004 Sic
1446 2955 1573 3003 enim
1595 2955 1758 3002 siunt:
1795 2955 1932 3003 Deus
1948 2954 2152 3003 Mem
2170 2970 2350 3017 semper
2367 2958 2432 3005 ud

234 3034 438 3085 Mem
458 3035 588 3096 agit,
607 3040 656 3084 et
678 3041 845 3085 notun
861 3038 1010 3096 sucit-
1075 3036 1156 3084 An
1178 3051 1273 3084 nou
1296 3035 1527 3098 haec-ipse
1549 3034 1804 3097 aliquando
1826 3032 2074 3095 reperisti?
2109 3033 2202 3083 Lr.
2232 3033 2432 3095 Repeti.

237 3116 316 3165 So.
352 3115 571 3163 Portasse
601 3123 653 3164 et
688 3116 954 3179 sapientum
989 3116 1166 3178 scripta
1204 3115 1378 3178 legisti,
1414 3115 1466 3161 in
1505 3115 1675 3177 quibus
1706 3114 1872 3161 eadem
1896 3113 1996 3159 lia-c
2019 3110 2266 3175 affirmant,
2286 3111 2438 3161 simile

236 3194 373 3243 simili
406 3196 674 3244 necessario
707 3211 892 3258 semper
931 3195 1133 3243 amicum
1173 3208 1293 3243 esso.
1326 3200 1470 3257 atque
1489 3194 1594 3242 base
1614 3200 1689 3240 est
1709 3207 1868 3240 eorum
1891 3192 2143 3253 sententia,
2163 3192 2246 3255 qui
2266 3193 2328 3241 de
2347 3208 2434 3242 na·

239 3282 337 3324 tura
374 3284 427 3325 ct
463 3276 682 3322 universo
718 3268 991 3326 'tractarunt-
1055 3273 1151 3322 Lr.
1205 3273 1332 3322 Vera
1356 3273 1493 3323 dic-is.
1560 3274 1645 3325 So.
1678 3273 1910 3337 Nunquid
1935 3272 2272 3321 benedicunt?
2337 3273 2436 3323 ΙΝ.

238 3354 390 3406 Forte.
461 3356 545 3402 8ο.
584 3353 724 3402 Forte
743 3354 796 3401 id
817 3370 875 3402 ex
898 3362 1028 3417 parte
1050 3370 1208 3403 rerum
1241 3361 1331 3411 est,
1353 3355 1473 3402 forte
1498 3354 1641 3402 etiam
1661 3370 1720 3403 ea
1741 3362 1875 3402 toto:
1909 3352 1993 3402 s'ed
2018 3368 2103 3402 uos
2124 3355 2334 3402 nondum
2355 3353 2432 3403 in·

238 3436 508 3500 telligimas.
542 3434 730 3483 ridetur
762 3436 888 3483 enim
910 3434 1045 3483 nobis
1065 3451 1235 3499 pravus
1255 3451 1419 3501 pravo,
1448 3451 1544 3500 quo
1581 3437 1773 3500 propius
1806 3435 2030 3497 adher-ct,
2062 3444 2111 3482 et
2141 3435 2431 3499 frequentius

238 3530 341 3564 eum
360 3531 424 3565 eo
441 3521 671 3580 versatur,
692 3531 751 3564 eo
772 3517 920 3580 magis
941 3516 1158 3565 iuimicus
1181 3516 1296 3566 lieri.
1332 3531 1443 3564 uam
1476 3516 1692 3579 iujuriam
1726 3514 1884 3563 infert.
1918 3514 2019 3563 fieri
2042 3530 2151 3562 vero
2171 3515 2354 3579 nequit,
2374 3524 2430 3563 ut

238 3596 317 3658 qui
336 3595 499 3651 insert,
520 3603 572 3644 et
591 3596 675 3659 qui
697 3597 875 3659 accipit
902 3596 1140 3661 injuriam,
1173 3597 1312 3644 amici
1334 3598 1445 3644 siut.
1470 3612 1628 3644 nonne
1650 3596 1749 3643 ita?
1818 3595 1912 3642 ΙΝ.
1960 3596 2041 3643 Sic
2076 3611 2278 3658 prorsus.
2342 3596 2430 3647 So-

239 3672 343 3724 Hae
365 3674 549 3723 ratione
570 3675 726 3722 media
757 3691 862 3739 pars
891 3676 1021 3724 illius
1053 3676 1302 3724 sententiae
1339 3676 1458 3724 falsa
1485 3677 1589 3733 erit,
1629 3676 1670 3723 si
1702 3675 1893 3740 quidem
1932 3675 2064 3738 pravi
2098 3674 2272 3723 similes
2300 3682 2429 3725 suut.

239 3753 332 3804 Lv.
364 3753 525 3804 certe.
592 3755 678 3804 8ο.
713 3755 889 3803 Verum
913 3757 1025 3804 mihi
1046 3757 1268 3804 videntur
1288 3757 1436 3803 bonos
1458 3756 1618 3804 dicere
1648 3755 1824 3803 similes
1856 3771 1958 3804 esse
1985 3755 2206 3808 invicem.
2237 3761 2288 3803 ct
2316 3756 2432 3804 ami·

240 3848 320 3882 eos
338 3851 353 3882 ε
393 3834 634 3899 inprobos
665 3843 842 3901 autem,
873 3844 926 3884 ut
945 3851 1071 3900 saepe
1095 3837 1159 3884 de
1180 3835 1273 3883 illis
1293 3835 1483 3891 dicitur,
1506 3850 1747 3898 nunquam
1770 3835 1844 3883 vel
1867 3835 1955 3882 sibi
1975 3834 2108 3898 ipsis,
2131 3834 2203 3881 vel
2227 3834 2430 3885 invicem

241 3913 413 3963 similes
433 3931 558 3979 esse,
578 3917 661 3963 sed
686 3917 979 3979 perturbatos
1014 3915 1205 3979 penitus
1237 3922 1287 3963 et
1316 3914 1574 3963 instabiles.
1608 3915 1689 3979 qui
1726 3930 1836 3962 vero
1869 3930 2028 3963 secum
2065 3914 2168 3976 ipse
2198 3914 2437 3981 dissentit,

240 3995 373 4043 uallo
397 3997 540 4043 modo
564 4012 671 4045 cum
695 3996 789 4043 alio
812 3997 1097 4052 consentiet,
1118 4010 1211 4043 nec
1232 3994 1317 4043 ulli
1338 3995 1517 4043 aruicus
1538 4010 1640 4044 esse
1662 3995 1849 4059 poterit.
1871 4010 2029 4043 nonne
2052 4005 2103 4041 tu
2126 3993 2251 4040 idem
2273 3995 2435 4045 existi-

240 4075 373 4123 ,αἱ
430 4075 525 4126 Lr.
560 4075 801 4125 Profecto.
868 4078 954 4126 So.
988 4077 1046 4125 Id
1084 4090 1217 4140 ergo,
1252 4084 1308 4123 ut
1342 4091 1448 4123 mea
1481 4076 1572 4125 fert
1599 4070 1784 4139 opinio,
1804 4075 2089 4139 significant,
2110 4089 2140 4120 o
2161 4073 2329 4129 amice,
2351 4076 2435 4139 qui

243 4154 392 4203 sutile
412 4156 555 4203 simili
576 4156 780 4205 amicum
800 4172 905 4205 esse
926 4158 1110 4217 dicunt,
1131 4157 1261 4221 quod
1283 4156 1411 4204 solus
1433 4158 1585 4205 bonus
1617 4156 1707 4205 soli
1738 4158 1864 4206 bono
1886 4155 2082 4217 amicus,
2103 4153 2253 4201 malus
2273 4163 2434 4203 autem

244 4250 329 4284 aec
351 4237 481 4284 bono
498 4251 588 4285 nec
611 4235 737 4283 malo
759 4251 963 4299 unquam
984 4252 1141 4285 revera
1161 4237 1341 4285 amicus
1360 4237 1577 4286 efficitur.
1596 4237 1869 4286 consentis?
1912 4237 2007 4285 Lv.
2043 4231 2300 4281 Assentior.
2350 4234 2434 4280 So.

248 4314 486 4363 Habemus
499 4316 625 4379 jam,
644 4316 728 4379 qui
749 4316 843 4363 sint
861 4317 1014 4366 amici.
1039 4333 1147 4365 nam
1177 4317 1295 4365 ratio
1312 4318 1481 4381 dictat,
1503 4333 1604 4380 eos,
1624 4316 1706 4381 qui
1723 4317 1838 4365 boni
1858 4324 1985 4376 suut,
2001 4312 2180 4361 amico·
2199 4309 2437 4359 mittere·

247 4393 338 4442 Lr.
381 4394 601 4445 Constat.
665 4396 751 4445 So.
786 4395 918 4445 Idem
951 4414 1040 4463 ego
1062 4399 1275 4446 arbitror·
1312 4400 1396 4446 sed
1432 4398 1570 4446 inest.
1597 4397 1777 4460 aliquid
1815 4396 1943 4460 quod
1981 4407 2058 4438 me
2093 4386 2351 4450 pessmbfll·
2386 4393 2439 4436 et

256 4474 382 4533 vide,
404 4491 587 4540 queso,
607 4476 724 4540 quid
752 4477 980 4543 suspicor.
1044 4479 1220 4529 Similis
1239 4478 1379 4528 simili
1411 4493 1506 4542 qua
1537 4478 1717 4526 ratione
1739 4475 1917 4529 similis,
1938 4468 2136 4525 amicus,
2154 4472 2206 4511 ct
2228 4465 2335 4517 talis
2355 4468 2448 4519 uli
