<?xml version="1.0" encoding="UTF-8"?>
<!DOCTYPE html PUBLIC "-//W3C//DTD XHTML 1.0 Transitional//EN"
    "http://www.w3.org/TR/xhtml1/DTD/xhtml1-transitional.dtd">
<html xmlns="http://www.w3.org/1999/xhtml" xml:lang="en" lang="en">
 <head>
  <title>
</title>
<meta http-equiv="Content-Type" content="text/html;charset=utf-8" />
  <meta name='ocr-system' content='tesseract 3.04.00' />
  <meta name='ocr-capabilities' content='ocr_page ocr_carea ocr_par ocr_line ocrx_word'/>
</head>
<body>
  <div class='ocr_page' id='page_1' title='image "./platonisetquaev05unkngoog_0074.png"; bbox 0 0 2917 4975; ppageno 0'>
   <div class='ocr_carea' id='block_1_1' title="bbox 450 442 2641 526">
    <p class='ocr_par' dir='ltr' id='par_1_1' title="bbox 450 442 2641 526">
     <span class='ocr_line' id='line_1_1' title="bbox 450 442 2641 526; baseline 0.001 -24"><span class='ocrx_word' id='word_1_1' title='bbox 450 453 529 513; x_wconf 84' lang='lat'><strong>52</strong></span> <span class='ocrx_word' id='word_1_2' title='bbox 1342 442 1741 503; x_wconf 78' lang='lat' dir='ltr'><strong>PLAToNts</strong></span> <span class='ocrx_word' id='word_1_3' title='bbox 2499 443 2641 526; x_wconf 85' lang='lat'><strong>[331</strong></span> 
     </span>
    </p>
   </div>
   <div class='ocr_carea' id='block_1_2' title="bbox 448 595 2664 1628">
    <p class='ocr_par' dir='ltr' id='par_1_2' title="bbox 448 595 2664 1628">
     <span class='ocr_line' id='line_1_2' title="bbox 454 595 2652 662; baseline -0.005 -5"><span class='ocrx_word' id='word_1_4' title='bbox 454 606 546 657; x_wconf 84' lang='lat' dir='ltr'><strong>bus</strong></span> <span class='ocrx_word' id='word_1_5' title='bbox 565 605 730 656; x_wconf 81' lang='lat' dir='ltr'><strong>oculus</strong></span> <span class='ocrx_word' id='word_1_6' title='bbox 752 618 846 651; x_wconf 86' lang='lat' dir='ltr'><strong>aon</strong></span> <span class='ocrx_word' id='word_1_7' title='bbox 868 607 942 650; x_wconf 75' lang='lat' dir='ltr'><strong>est</strong></span> <span class='ocrx_word' id='word_1_8' title='bbox 963 600 1152 649; x_wconf 84' lang='lat' dir='ltr'><strong>auribus</strong></span> <span class='ocrx_word' id='word_1_9' title='bbox 1172 597 1351 655; x_wconf 80' lang='lat' dir='ltr'><strong>similis,</strong></span> <span class='ocrx_word' id='word_1_10' title='bbox 1369 611 1524 662; x_wconf 81' lang='lat' dir='ltr'><strong>neque</strong></span> <span class='ocrx_word' id='word_1_11' title='bbox 1547 595 1730 645; x_wconf 79' lang='lat' dir='ltr'><strong>illorum</strong></span> <span class='ocrx_word' id='word_1_12' title='bbox 1753 597 1968 661; x_wconf 81' lang='lat' dir='ltr'><strong>potentia</strong></span> <span class='ocrx_word' id='word_1_13' title='bbox 1987 597 2154 646; x_wconf 83' lang='lat' dir='ltr'><strong>eadem</strong></span> <span class='ocrx_word' id='word_1_14' title='bbox 2176 615 2188 644; x_wconf 75' lang='grc' dir='ltr'><strong><em>ε</em></strong></span> <span class='ocrx_word' id='word_1_15' title='bbox 2225 611 2382 661; x_wconf 86' lang='lat' dir='ltr'><strong>neque</strong></span> <span class='ocrx_word' id='word_1_16' title='bbox 2405 597 2500 645; x_wconf 84' lang='lat' dir='ltr'><strong>alia</strong></span> <span class='ocrx_word' id='word_1_17' title='bbox 2521 612 2652 661; x_wconf 71' lang='lat' dir='ltr'><strong>qure-</strong></span> 
     </span>
     <span class='ocr_line' id='line_1_3' title="bbox 451 677 2656 749; baseline -0.002 -17"><span class='ocrx_word' id='word_1_18' title='bbox 451 685 573 736; x_wconf 74' lang='lat' dir='ltr'><strong>iibet</strong></span> <span class='ocrx_word' id='word_1_19' title='bbox 598 700 721 749; x_wconf 84' lang='lat' dir='ltr'><strong>pars,</strong></span> <span class='ocrx_word' id='word_1_20' title='bbox 760 681 1092 743; x_wconf 83' lang='lat' dir='ltr'><strong>alterius,&#39;aut</strong></span> <span class='ocrx_word' id='word_1_21' title='bbox 1124 678 1354 745; x_wconf 82' lang='lat' dir='ltr'><strong>potentia,</strong></span> <span class='ocrx_word' id='word_1_22' title='bbox 1389 685 1476 726; x_wconf 86' lang='lat' dir='ltr'><strong>aut</strong></span> <span class='ocrx_word' id='word_1_23' title='bbox 1513 677 1628 726; x_wconf 85' lang='lat' dir='ltr'><strong>alio·</strong></span> <span class='ocrx_word' id='word_1_24' title='bbox 1653 693 1893 742; x_wconf 85' lang='lat' dir='ltr'><strong>quoquam</strong></span> <span class='ocrx_word' id='word_1_25' title='bbox 1927 686 2001 727; x_wconf 88' lang='lat' dir='ltr'><strong>est</strong></span> <span class='ocrx_word' id='word_1_26' title='bbox 2038 678 2217 728; x_wconf 85' lang='lat' dir='ltr'><strong>similis.</strong></span> <span class='ocrx_word' id='word_1_27' title='bbox 2299 678 2437 728; x_wconf 75' lang='lat' dir='ltr'><strong>Itane</strong></span> <span class='ocrx_word' id='word_1_28' title='bbox 2471 679 2656 727; x_wconf 85' lang='lat' dir='ltr'><strong>virtutis</strong></span> 
     </span>
     <span class='ocr_line' id='line_1_4' title="bbox 450 756 2656 829; baseline -0.002 -18"><span class='ocrx_word' id='word_1_29' title='bbox 450 773 608 829; x_wconf 72' lang='lat' dir='ltr'><strong>partes</strong></span> <span class='ocrx_word' id='word_1_30' title='bbox 627 762 894 818; x_wconf 72' lang='lat' dir='ltr'><strong>sehabent,</strong></span> <span class='ocrx_word' id='word_1_31' title='bbox 916 770 971 810; x_wconf 88' lang='lat' dir='ltr'><strong>nt</strong></span> <span class='ocrx_word' id='word_1_32' title='bbox 991 775 1145 824; x_wconf 84' lang='lat' dir='ltr'><strong>neque</strong></span> <span class='ocrx_word' id='word_1_33' title='bbox 1170 759 1263 807; x_wconf 86' lang='lat' dir='ltr'><strong>alia</strong></span> <span class='ocrx_word' id='word_1_34' title='bbox 1284 758 1478 806; x_wconf 86' lang='lat' dir='ltr'><strong>aliarum</strong></span> <span class='ocrx_word' id='word_1_35' title='bbox 1514 757 1577 805; x_wconf 90' lang='lat' dir='ltr'><strong>sit</strong></span> <span class='ocrx_word' id='word_1_36' title='bbox 1606 756 1788 820; x_wconf 86' lang='lat' dir='ltr'><strong>similis,</strong></span> <span class='ocrx_word' id='word_1_37' title='bbox 1821 773 1977 822; x_wconf 87' lang='lat' dir='ltr'><strong>neque</strong></span> <span class='ocrx_word' id='word_1_38' title='bbox 2010 758 2157 814; x_wconf 82' lang='lat' dir='ltr'><strong>idem,</strong></span> <span class='ocrx_word' id='word_1_39' title='bbox 2196 772 2352 822; x_wconf 84' lang='lat' dir='ltr'><strong>neque</strong></span> <span class='ocrx_word' id='word_1_40' title='bbox 2390 761 2557 807; x_wconf 85' lang='lat' dir='ltr'><strong>eadem</strong></span> <span class='ocrx_word' id='word_1_41' title='bbox 2593 759 2656 807; x_wconf 79' lang='lat' dir='ltr'><strong>sit</strong></span> 
     </span>
     <span class='ocr_line' id='line_1_5' title="bbox 450 831 2656 908; baseline -0.001 -18"><span class='ocrx_word' id='word_1_42' title='bbox 450 842 704 908; x_wconf 80' lang='lat' dir='ltr'><strong>potentia?</strong></span> <span class='ocrx_word' id='word_1_43' title='bbox 739 857 801 888; x_wconf 86' lang='lat' dir='ltr'><strong>an</strong></span> <span class='ocrx_word' id='word_1_44' title='bbox 822 841 945 890; x_wconf 78' lang='lat' dir='ltr'><strong>forte</strong></span> <span class='ocrx_word' id='word_1_45' title='bbox 965 841 1032 889; x_wconf 88' lang='lat' dir='ltr'><strong>ita</strong></span> <span class='ocrx_word' id='word_1_46' title='bbox 1053 856 1155 889; x_wconf 87' lang='lat' dir='ltr'><strong>esse</strong></span> <span class='ocrx_word' id='word_1_47' title='bbox 1175 838 1395 888; x_wconf 83' lang='lat' dir='ltr'><strong>constat?</strong></span> <span class='ocrx_word' id='word_1_48' title='bbox 1430 836 1662 902; x_wconf 75' lang='lat' dir='ltr'>siquidem</span> <span class='ocrx_word' id='word_1_49' title='bbox 1693 846 1874 885; x_wconf 65' lang='lat' dir='ltr'><strong>nature</strong></span> <span class='ocrx_word' id='word_1_50' title='bbox 1897 838 2120 885; x_wconf 81' lang='lat' dir='ltr'><strong>virtutum</strong></span> <span class='ocrx_word' id='word_1_51' title='bbox 2151 831 2392 901; x_wconf 71' lang='lat' dir='ltr'><strong>exemplar</strong></span> <span class='ocrx_word' id='word_1_52' title='bbox 2419 841 2548 903; x_wconf 88' lang='lat' dir='ltr'><strong>quod</strong></span> <span class='ocrx_word' id='word_1_53' title='bbox 2582 841 2656 887; x_wconf 84' lang='lat' dir='ltr'><strong>in·</strong></span> 
     </span>
     <span class='ocr_line' id='line_1_6' title="bbox 450 917 2659 986; baseline -0.001 -15"><span class='ocrx_word' id='word_1_54' title='bbox 450 921 690 980; x_wconf 73' lang='lat' dir='ltr'><strong>duximus,</strong></span> <span class='ocrx_word' id='word_1_55' title='bbox 713 922 948 986; x_wconf 81' lang='lat' dir='ltr'><strong>congruit.</strong></span> <span class='ocrx_word' id='word_1_56' title='bbox 1017 922 1181 971; x_wconf 73' lang='lat' dir='ltr'><strong>Paor.</strong></span> <span class='ocrx_word' id='word_1_57' title='bbox 1214 919 1295 968; x_wconf 86' lang='lat' dir='ltr'><strong>Sic</strong></span> <span class='ocrx_word' id='word_1_58' title='bbox 1316 925 1444 968; x_wconf 83' lang='lat' dir='ltr'><strong>certe</strong></span> <span class='ocrx_word' id='word_1_59' title='bbox 1466 926 1558 974; x_wconf 85' lang='lat' dir='ltr'><strong>est,</strong></span> <span class='ocrx_word' id='word_1_60' title='bbox 1598 917 1831 968; x_wconf 85' lang='lat' dir='ltr'><strong>Socrates.</strong></span> <span class='ocrx_word' id='word_1_61' title='bbox 1900 918 1984 967; x_wconf 86' lang='lat' dir='ltr'><strong>So.</strong></span> <span class='ocrx_word' id='word_1_62' title='bbox 2018 918 2132 966; x_wconf 88' lang='lat' dir='ltr'><strong>Nou</strong></span> <span class='ocrx_word' id='word_1_63' title='bbox 2165 925 2244 966; x_wconf 86' lang='lat' dir='ltr'><strong>est</strong></span> <span class='ocrx_word' id='word_1_64' title='bbox 2271 918 2413 981; x_wconf 85' lang='lat' dir='ltr'><strong>igitur</strong></span> <span class='ocrx_word' id='word_1_65' title='bbox 2437 935 2545 984; x_wconf 82' lang='lat' dir='ltr'><strong>pars</strong></span> <span class='ocrx_word' id='word_1_66' title='bbox 2568 921 2659 968; x_wconf 77' lang='lat' dir='ltr'><strong>vir·</strong></span> 
     </span>
     <span class='ocr_line' id='line_1_7' title="bbox 450 998 2659 1068; baseline -0.001 -18"><span class='ocrx_word' id='word_1_67' title='bbox 450 1003 565 1050; x_wconf 84' lang='lat' dir='ltr'><strong>tutis</strong></span> <span class='ocrx_word' id='word_1_68' title='bbox 585 1001 680 1051; x_wconf 80' lang='lat' dir='ltr'><strong>alia</strong></span> <span class='ocrx_word' id='word_1_69' title='bbox 703 1003 810 1052; x_wconf 86' lang='lat' dir='ltr'><strong>talis</strong></span> <span class='ocrx_word' id='word_1_70' title='bbox 830 1002 985 1068; x_wconf 86' lang='lat' dir='ltr'><strong>qualis</strong></span> <span class='ocrx_word' id='word_1_71' title='bbox 1007 1001 1219 1058; x_wconf 81' lang='lat' dir='ltr'><strong>scientia,</strong></span> <span class='ocrx_word' id='word_1_72' title='bbox 1241 1015 1398 1065; x_wconf 83' lang='lat' dir='ltr'><strong>neque</strong></span> <span class='ocrx_word' id='word_1_73' title='bbox 1418 999 1573 1062; x_wconf 87' lang='lat' dir='ltr'><strong>qualis</strong></span> <span class='ocrx_word' id='word_1_74' title='bbox 1601 998 1811 1063; x_wconf 84' lang='lat' dir='ltr'><strong>justitia,</strong></span> <span class='ocrx_word' id='word_1_75' title='bbox 1834 998 1908 1047; x_wconf 76' lang='lat' dir='ltr'><strong>vel</strong></span> <span class='ocrx_word' id='word_1_76' title='bbox 1944 999 2196 1063; x_wconf 72' lang='lat' dir='ltr'><strong>fortitudo,</strong></span> <span class='ocrx_word' id='word_1_77' title='bbox 2217 999 2293 1047; x_wconf 75' lang='lat' dir='ltr'><strong>vel</strong></span> <span class='ocrx_word' id='word_1_78' title='bbox 2325 1000 2659 1062; x_wconf 80' lang='lat' dir='ltr'><strong>temperantia,</strong></span> 
     </span>
     <span class='ocr_line' id='line_1_8' title="bbox 448 1079 2656 1144; baseline -0.001 -12"><span class='ocrx_word' id='word_1_79' title='bbox 448 1082 527 1132; x_wconf 79' lang='lat' dir='ltr'><strong>vel</strong></span> <span class='ocrx_word' id='word_1_80' title='bbox 548 1086 793 1133; x_wconf 85' lang='lat' dir='ltr'><strong>sanctitas.</strong></span> <span class='ocrx_word' id='word_1_81' title='bbox 861 1083 1028 1132; x_wconf 72' lang='lat' dir='ltr'><strong>Paor.</strong></span> <span class='ocrx_word' id='word_1_82' title='bbox 1064 1082 1175 1129; x_wconf 89' lang='lat' dir='ltr'><strong>Non</strong></span> <span class='ocrx_word' id='word_1_83' title='bbox 1199 1089 1342 1130; x_wconf 83' lang='lat' dir='ltr'><strong>certe.</strong></span> <span class='ocrx_word' id='word_1_84' title='bbox 1409 1080 1492 1131; x_wconf 88' lang='lat' dir='ltr'><strong>So.</strong></span> <span class='ocrx_word' id='word_1_85' title='bbox 1525 1080 1631 1144; x_wconf 76' lang='lat' dir='ltr'><strong>Age</strong></span> <span class='ocrx_word' id='word_1_86' title='bbox 1654 1080 2006 1134; x_wconf 81' lang='lat' dir='ltr'><strong>consideremus</strong></span> <span class='ocrx_word' id='word_1_87' title='bbox 2024 1095 2140 1138; x_wconf 83' lang='lat' dir='ltr'><strong>una,</strong></span> <span class='ocrx_word' id='word_1_88' title='bbox 2161 1079 2301 1142; x_wconf 91' lang='lat' dir='ltr'><strong>quale</strong></span> <span class='ocrx_word' id='word_1_89' title='bbox 2322 1082 2436 1143; x_wconf 87' lang='lat' dir='ltr'><strong>quid</strong></span> <span class='ocrx_word' id='word_1_90' title='bbox 2462 1082 2656 1129; x_wconf 85' lang='lat' dir='ltr'><strong>istorum</strong></span> 
     </span>
     <span class='ocr_line' id='line_1_9' title="bbox 451 1159 2661 1229; baseline -0 -18"><span class='ocrx_word' id='word_1_91' title='bbox 451 1164 656 1229; x_wconf 76' lang='lat' dir='ltr'>quodvis</span> <span class='ocrx_word' id='word_1_92' title='bbox 682 1164 875 1213; x_wconf 83' lang='lat' dir='ltr'><strong>existit=</strong></span> <span class='ocrx_word' id='word_1_93' title='bbox 910 1163 1106 1226; x_wconf 87' lang='lat' dir='ltr'><strong>primum</strong></span> <span class='ocrx_word' id='word_1_94' title='bbox 1137 1161 1330 1226; x_wconf 90' lang='lat' dir='ltr'><strong>quidem</strong></span> <span class='ocrx_word' id='word_1_95' title='bbox 1354 1160 1456 1209; x_wconf 79' lang='lat' dir='ltr'><strong>sic:</strong></span> <span class='ocrx_word' id='word_1_96' title='bbox 1490 1160 1689 1211; x_wconf 86' lang='lat' dir='ltr'><strong>Justitia</strong></span> <span class='ocrx_word' id='word_1_97' title='bbox 1725 1175 1797 1208; x_wconf 76' lang='lat' dir='ltr'><strong>res</strong></span> <span class='ocrx_word' id='word_1_98' title='bbox 1819 1159 2038 1225; x_wconf 66' lang='lat' dir='ltr'><strong>quedam</strong></span> <span class='ocrx_word' id='word_1_99' title='bbox 2072 1169 2164 1223; x_wconf 84' lang='lat' dir='ltr'><strong>est,</strong></span> <span class='ocrx_word' id='word_1_100' title='bbox 2201 1176 2263 1208; x_wconf 92' lang='lat' dir='ltr'><strong>an</strong></span> <span class='ocrx_word' id='word_1_101' title='bbox 2299 1160 2463 1208; x_wconf 82' lang='lat' dir='ltr'><strong>nulla?</strong></span> <span class='ocrx_word' id='word_1_102' title='bbox 2528 1161 2661 1211; x_wconf 74' lang='lat' dir='ltr'><strong>Mihi</strong></span> 
     </span>
     <span class='ocr_line' id='line_1_10' title="bbox 452 1239 2659 1312; baseline -0.002 -18"><span class='ocrx_word' id='word_1_103' title='bbox 452 1245 646 1312; x_wconf 84' lang='lat' dir='ltr'><strong>quidem</strong></span> <span class='ocrx_word' id='word_1_104' title='bbox 677 1261 750 1294; x_wconf 88' lang='lat' dir='ltr'><strong>res</strong></span> <span class='ocrx_word' id='word_1_105' title='bbox 782 1245 999 1309; x_wconf 61' lang='lat' dir='ltr'><strong>quadam</strong></span> <span class='ocrx_word' id='word_1_106' title='bbox 1032 1259 1136 1291; x_wconf 84' lang='lat' dir='ltr'><strong>esse</strong></span> <span class='ocrx_word' id='word_1_107' title='bbox 1168 1239 1372 1289; x_wconf 71' lang='lat' dir='ltr'><strong>videsur.</strong></span> <span class='ocrx_word' id='word_1_108' title='bbox 1407 1242 1496 1289; x_wconf 75' lang='lat' dir='ltr'><strong>tibi</strong></span> <span class='ocrx_word' id='word_1_109' title='bbox 1525 1240 1674 1288; x_wconf 77' lang='lat' dir='ltr'><strong>vero?</strong></span> <span class='ocrx_word' id='word_1_110' title='bbox 1741 1240 1909 1289; x_wconf 70' lang='lat' dir='ltr'><strong>Pnor.</strong></span> <span class='ocrx_word' id='word_1_111' title='bbox 1942 1239 2006 1287; x_wconf 86' lang='lat' dir='ltr'><strong>Et</strong></span> <span class='ocrx_word' id='word_1_112' title='bbox 2047 1240 2173 1288; x_wconf 83' lang='lat' dir='ltr'><strong>mihi.</strong></span> <span class='ocrx_word' id='word_1_113' title='bbox 2239 1241 2321 1291; x_wconf 89' lang='lat' dir='ltr'><strong>So.</strong></span> <span class='ocrx_word' id='word_1_114' title='bbox 2355 1241 2487 1299; x_wconf 84' lang='lat' dir='ltr'>Quid</span> <span class='ocrx_word' id='word_1_115' title='bbox 2509 1242 2659 1290; x_wconf 83' lang='lat' dir='ltr'><strong>vero?</strong></span> 
     </span>
     <span class='ocr_line' id='line_1_11' title="bbox 453 1319 2662 1392; baseline -0.002 -16"><span class='ocrx_word' id='word_1_116' title='bbox 453 1327 495 1376; x_wconf 82' lang='lat' dir='ltr'><strong>si</strong></span> <span class='ocrx_word' id='word_1_117' title='bbox 516 1327 625 1392; x_wconf 83' lang='lat' dir='ltr'><strong>quia</strong></span> <span class='ocrx_word' id='word_1_118' title='bbox 645 1342 673 1374; x_wconf 90' lang='lat' dir='ltr'><strong>a</strong></span> <span class='ocrx_word' id='word_1_119' title='bbox 695 1341 770 1373; x_wconf 89' lang='lat' dir='ltr'><strong>me</strong></span> <span class='ocrx_word' id='word_1_120' title='bbox 788 1332 840 1373; x_wconf 90' lang='lat' dir='ltr'><strong>et</strong></span> <span class='ocrx_word' id='word_1_121' title='bbox 863 1330 910 1372; x_wconf 80' lang='lat' dir='ltr'><strong>te</strong></span> <span class='ocrx_word' id='word_1_122' title='bbox 932 1322 1215 1377; x_wconf 72' lang='lat' dir='ltr'><strong>sciscitetur,</strong></span> <span class='ocrx_word' id='word_1_123' title='bbox 1237 1319 1283 1368; x_wconf 90' lang='grc' dir='ltr'><strong>Ο</strong></span> <span class='ocrx_word' id='word_1_124' title='bbox 1306 1320 1564 1384; x_wconf 86' lang='lat' dir='ltr'><strong>Protagora</strong></span> <span class='ocrx_word' id='word_1_125' title='bbox 1587 1329 1733 1384; x_wconf 82' lang='lat' dir='ltr'><strong>atque</strong></span> <span class='ocrx_word' id='word_1_126' title='bbox 1766 1320 2002 1382; x_wconf 87' lang='lat' dir='ltr'><strong>Socrates,</strong></span> <span class='ocrx_word' id='word_1_127' title='bbox 2039 1321 2185 1370; x_wconf 87' lang='lat' dir='ltr'><strong>dicite</strong></span> <span class='ocrx_word' id='word_1_128' title='bbox 2217 1337 2398 1385; x_wconf 78' lang='lat' dir='ltr'><strong>quaeso,</strong></span> <span class='ocrx_word' id='word_1_129' title='bbox 2435 1337 2549 1370; x_wconf 84' lang='lat' dir='ltr'><strong>num</strong></span> <span class='ocrx_word' id='word_1_130' title='bbox 2587 1338 2662 1371; x_wconf 84' lang='lat' dir='ltr'><strong>res</strong></span> 
     </span>
     <span class='ocr_line' id='line_1_12' title="bbox 453 1400 2660 1472; baseline -0.003 -16"><span class='ocrx_word' id='word_1_131' title='bbox 453 1407 729 1472; x_wconf 76' lang='lat' dir='ltr'><strong>ista,·quam</strong></span> <span class='ocrx_word' id='word_1_132' title='bbox 748 1405 890 1453; x_wconf 84' lang='lat' dir='ltr'><strong>modo</strong></span> <span class='ocrx_word' id='word_1_133' title='bbox 923 1402 1160 1466; x_wconf 87' lang='lat' dir='ltr'><strong>justitiam</strong></span> <span class='ocrx_word' id='word_1_134' title='bbox 1183 1400 1524 1462; x_wconf 83' lang='lat' dir='ltr'><strong>nominabatis‚</strong></span> <span class='ocrx_word' id='word_1_135' title='bbox 1545 1417 1606 1450; x_wconf 85' lang='lat' dir='ltr'><strong>eo</strong></span> <span class='ocrx_word' id='word_1_136' title='bbox 1643 1400 1750 1464; x_wconf 84' lang='lat' dir='ltr'><strong>ipso</strong></span> <span class='ocrx_word' id='word_1_137' title='bbox 1773 1416 1867 1463; x_wconf 92' lang='lat' dir='ltr'><strong>quo</strong></span> <span class='ocrx_word' id='word_1_138' title='bbox 1890 1407 1963 1450; x_wconf 78' lang='lat' dir='ltr'><strong>est</strong></span> <span class='ocrx_word' id='word_1_139' title='bbox 1994 1401 2201 1464; x_wconf 85' lang='lat' dir='ltr'><strong>justitia,</strong></span> <span class='ocrx_word' id='word_1_140' title='bbox 2233 1410 2306 1449; x_wconf 89' lang='lat' dir='ltr'><strong>est</strong></span> <span class='ocrx_word' id='word_1_141' title='bbox 2337 1410 2387 1449; x_wconf 86' lang='lat' dir='ltr'><strong>et</strong></span> <span class='ocrx_word' id='word_1_142' title='bbox 2411 1402 2562 1467; x_wconf 83' lang='lat' dir='ltr'><strong>justa,</strong></span> <span class='ocrx_word' id='word_1_143' title='bbox 2597 1417 2660 1450; x_wconf 90' lang='lat' dir='ltr'><strong>an</strong></span> 
     </span>
     <span class='ocr_line' id='line_1_13' title="bbox 457 1481 2662 1553; baseline -0.002 -16"><span class='ocrx_word' id='word_1_144' title='bbox 457 1488 671 1553; x_wconf 80' lang='lat' dir='ltr'><strong>injusta?</strong></span> <span class='ocrx_word' id='word_1_145' title='bbox 738 1483 841 1549; x_wconf 76' lang='lat' dir='ltr'><strong>Ego</strong></span> <span class='ocrx_word' id='word_1_146' title='bbox 861 1482 1053 1546; x_wconf 88' lang='lat' dir='ltr'><strong>quidem</strong></span> <span class='ocrx_word' id='word_1_147' title='bbox 1069 1481 1250 1545; x_wconf 87' lang='lat' dir='ltr'><strong>justam</strong></span> <span class='ocrx_word' id='word_1_148' title='bbox 1273 1496 1376 1529; x_wconf 69' lang='lat' dir='ltr'><strong>esse</strong></span> <span class='ocrx_word' id='word_1_149' title='bbox 1411 1481 1589 1529; x_wconf 88' lang='lat' dir='ltr'><strong>dicam.</strong></span> <span class='ocrx_word' id='word_1_150' title='bbox 1623 1489 1675 1528; x_wconf 89' lang='lat' dir='ltr'><strong>tu</strong></span> <span class='ocrx_word' id='word_1_151' title='bbox 1698 1496 1808 1528; x_wconf 76' lang='lat' dir='ltr'><strong>vero</strong></span> <span class='ocrx_word' id='word_1_152' title='bbox 1838 1495 1934 1529; x_wconf 84' lang='lat' dir='ltr'><strong>una</strong></span> <span class='ocrx_word' id='word_1_153' title='bbox 1957 1497 2138 1530; x_wconf 83' lang='lat' dir='ltr'><strong>mecum</strong></span> <span class='ocrx_word' id='word_1_154' title='bbox 2160 1482 2372 1530; x_wconf 84' lang='lat' dir='ltr'><strong>senties?</strong></span> <span class='ocrx_word' id='word_1_155' title='bbox 2405 1498 2467 1531; x_wconf 87' lang='lat' dir='ltr'><strong>an</strong></span> <span class='ocrx_word' id='word_1_156' title='bbox 2490 1483 2662 1532; x_wconf 84' lang='lat' dir='ltr'><strong>aliter?</strong></span> 
     </span>
     <span class='ocr_line' id='line_1_14' title="bbox 461 1559 2664 1628; baseline -0.004 -9"><span class='ocrx_word' id='word_1_157' title='bbox 461 1569 627 1619; x_wconf 71' lang='lat' dir='ltr'><strong>Paor.</strong></span> <span class='ocrx_word' id='word_1_158' title='bbox 657 1567 834 1616; x_wconf 81' lang='lat' dir='ltr'><strong>Tecum</strong></span> <span class='ocrx_word' id='word_1_159' title='bbox 857 1563 1015 1628; x_wconf 86' lang='lat' dir='ltr'><strong>plane.</strong></span> <span class='ocrx_word' id='word_1_160' title='bbox 1083 1562 1168 1612; x_wconf 84' lang='lat' dir='ltr'><strong>So.</strong></span> <span class='ocrx_word' id='word_1_161' title='bbox 1202 1561 1309 1627; x_wconf 80' lang='lat' dir='ltr'><strong>Ego</strong></span> <span class='ocrx_word' id='word_1_162' title='bbox 1331 1562 1473 1627; x_wconf 80' lang='lat' dir='ltr'><strong>igitur</strong></span> <span class='ocrx_word' id='word_1_163' title='bbox 1494 1561 1804 1625; x_wconf 67' lang='lat' dir='ltr'><strong>interroganti</strong></span> <span class='ocrx_word' id='word_1_164' title='bbox 1827 1562 2174 1626; x_wconf 85' lang='lat' dir='ltr'><strong>responderem,</strong></span> <span class='ocrx_word' id='word_1_165' title='bbox 2209 1561 2350 1611; x_wconf 87' lang='lat' dir='ltr'><strong>talem</strong></span> <span class='ocrx_word' id='word_1_166' title='bbox 2386 1559 2489 1612; x_wconf 81' lang='lat' dir='ltr'><strong>esse</strong></span> <span class='ocrx_word' id='word_1_167' title='bbox 2519 1563 2664 1627; x_wconf 87' lang='lat' dir='ltr'><strong>justi-</strong></span> 
     </span>
    </p>
   </div>
   <div class='ocr_carea' id='block_1_3' title="bbox 460 1625 2758 1710">
    <p class='ocr_par' dir='ltr' id='par_1_3' title="bbox 460 1625 2758 1710">
     <span class='ocr_line' id='line_1_15' title="bbox 460 1625 2758 1710; baseline -0.003 -13"><span class='ocrx_word' id='word_1_168' title='bbox 460 1649 592 1703; x_wconf 74' lang='lat' dir='ltr'><strong>tiam,</strong></span> <span class='ocrx_word' id='word_1_169' title='bbox 613 1645 751 1710; x_wconf 85' lang='lat' dir='ltr'><strong>quale</strong></span> <span class='ocrx_word' id='word_1_170' title='bbox 772 1651 822 1692; x_wconf 86' lang='lat' dir='ltr'><strong>et</strong></span> <span class='ocrx_word' id='word_1_171' title='bbox 836 1642 1037 1706; x_wconf 88' lang='lat' dir='ltr'><strong>justum.</strong></span> <span class='ocrx_word' id='word_1_172' title='bbox 1086 1651 1138 1690; x_wconf 88' lang='lat' dir='ltr'><strong>tu</strong></span> <span class='ocrx_word' id='word_1_173' title='bbox 1161 1643 1309 1691; x_wconf 81' lang='lat' dir='ltr'><strong>vero?</strong></span> <span class='ocrx_word' id='word_1_174' title='bbox 1376 1642 1543 1690; x_wconf 78' lang='lat' dir='ltr'><strong>Pac-r.</strong></span> <span class='ocrx_word' id='word_1_175' title='bbox 1575 1641 1680 1706; x_wconf 81' lang='lat' dir='ltr'><strong>Ego</strong></span> <span class='ocrx_word' id='word_1_176' title='bbox 1717 1657 1928 1705; x_wconf 87' lang='lat' dir='ltr'><strong>quoque.</strong></span> <span class='ocrx_word' id='word_1_177' title='bbox 1994 1642 2083 1690; x_wconf 87' lang='lat' dir='ltr'><strong>So.</strong></span> <span class='ocrx_word' id='word_1_178' title='bbox 2117 1643 2168 1690; x_wconf 87' lang='lat' dir='ltr'><strong>Si</strong></span> <span class='ocrx_word' id='word_1_179' title='bbox 2208 1651 2436 1707; x_wconf 69' lang='lat' dir='ltr'><strong>quaereret</strong></span> <span class='ocrx_word' id='word_1_180' title='bbox 2471 1643 2664 1704; x_wconf 72' lang='lat' dir='ltr'><strong>iterum,</strong></span> <span class='ocrx_word' id='word_1_181' title='bbox 2745 1625 2758 1638; x_wconf 57' lang='lat'>⁵</span> 
     </span>
    </p>
   </div>
   <div class='ocr_carea' id='block_1_4' title="bbox 458 1723 2692 4539">
    <p class='ocr_par' dir='ltr' id='par_1_4' title="bbox 458 1723 2692 4539">
     <span class='ocr_line' id='line_1_16' title="bbox 459 1723 2665 1792; baseline -0.003 -14"><span class='ocrx_word' id='word_1_182' title='bbox 459 1727 687 1792; x_wconf 85' lang='lat' dir='ltr'><strong>numquid</strong></span> <span class='ocrx_word' id='word_1_183' title='bbox 706 1734 759 1775; x_wconf 89' lang='lat' dir='ltr'><strong>et</strong></span> <span class='ocrx_word' id='word_1_184' title='bbox 786 1724 1082 1773; x_wconf 69' lang='lat' dir='ltr'><strong>sanctitatem</strong></span> <span class='ocrx_word' id='word_1_185' title='bbox 1115 1723 1321 1788; x_wconf 85' lang='lat' dir='ltr'><strong>aliquam</strong></span> <span class='ocrx_word' id='word_1_186' title='bbox 1355 1738 1458 1771; x_wconf 89' lang='lat' dir='ltr'><strong>esse</strong></span> <span class='ocrx_word' id='word_1_187' title='bbox 1495 1724 1728 1778; x_wconf 84' lang='lat' dir='ltr'><strong>dicamus,</strong></span> <span class='ocrx_word' id='word_1_188' title='bbox 1759 1723 2140 1772; x_wconf 78' lang='lat' dir='ltr'><strong>&#39;consentiremus</strong></span> <span class='ocrx_word' id='word_1_189' title='bbox 2171 1725 2353 1789; x_wconf 84' lang='lat' dir='ltr'><strong>utique,</strong></span> <span class='ocrx_word' id='word_1_190' title='bbox 2389 1733 2446 1773; x_wconf 89' lang='lat' dir='ltr'><strong>ut</strong></span> <span class='ocrx_word' id='word_1_191' title='bbox 2477 1725 2665 1789; x_wconf 85' lang='lat' dir='ltr'><strong>opinor.</strong></span> 
     </span>
     <span class='ocr_line' id='line_1_17' title="bbox 461 1803 2663 1871; baseline -0.002 -13"><span class='ocrx_word' id='word_1_192' title='bbox 461 1808 628 1858; x_wconf 70' lang='lat' dir='ltr'><strong>Paor.</strong></span> <span class='ocrx_word' id='word_1_193' title='bbox 659 1805 1057 1856; x_wconf 67' lang='lat' dir='ltr'><strong>consentiremus.</strong></span> <span class='ocrx_word' id='word_1_194' title='bbox 1122 1805 1210 1854; x_wconf 83' lang='lat' dir='ltr'><strong>So.</strong></span> <span class='ocrx_word' id='word_1_195' title='bbox 1241 1805 1319 1851; x_wconf 79' lang='lat' dir='ltr'><strong>An</strong></span> <span class='ocrx_word' id='word_1_196' title='bbox 1344 1819 1440 1851; x_wconf 85' lang='lat' dir='ltr'><strong>non</strong></span> <span class='ocrx_word' id='word_1_197' title='bbox 1462 1811 1516 1852; x_wconf 89' lang='lat' dir='ltr'><strong>et</strong></span> <span class='ocrx_word' id='word_1_198' title='bbox 1535 1805 1660 1853; x_wconf 87' lang='lat' dir='ltr'><strong>hanc</strong></span> <span class='ocrx_word' id='word_1_199' title='bbox 1682 1820 1777 1851; x_wconf 84' lang='lat' dir='ltr'><strong>rem</strong></span> <span class='ocrx_word' id='word_1_200' title='bbox 1801 1803 2005 1868; x_wconf 84' lang='lat' dir='ltr'><strong>aliquam</strong></span> <span class='ocrx_word' id='word_1_201' title='bbox 2027 1819 2130 1854; x_wconf 84' lang='lat' dir='ltr'><strong>esse</strong></span> <span class='ocrx_word' id='word_1_202' title='bbox 2152 1805 2326 1863; x_wconf 89' lang='lat' dir='ltr'><strong>dicitis,</strong></span> <span class='ocrx_word' id='word_1_203' title='bbox 2346 1815 2531 1871; x_wconf 79' lang='lat' dir='ltr'><strong>rogaret</strong></span> <span class='ocrx_word' id='word_1_204' title='bbox 2560 1805 2663 1862; x_wconf 81' lang='lat' dir='ltr'><strong>itte,</strong></span> 
     </span>
     <span class='ocr_line' id='line_1_18' title="bbox 458 1884 2663 1938; baseline -0.002 0"><span class='ocrx_word' id='word_1_205' title='bbox 458 1904 548 1938; x_wconf 82' lang='lat' dir='ltr'><strong>nos</strong></span> <span class='ocrx_word' id='word_1_206' title='bbox 583 1894 742 1937; x_wconf 87' lang='lat' dir='ltr'><strong>autem</strong></span> <span class='ocrx_word' id='word_1_207' title='bbox 779 1885 1148 1935; x_wconf 83' lang='lat' dir='ltr'><strong>assentiremur?</strong></span> <span class='ocrx_word' id='word_1_208' title='bbox 1218 1885 1386 1934; x_wconf 66' lang='lat' dir='ltr'><strong>Paov.</strong></span> <span class='ocrx_word' id='word_1_209' title='bbox 1421 1884 1489 1934; x_wconf 84' lang='lat' dir='ltr'><strong>Et</strong></span> <span class='ocrx_word' id='word_1_210' title='bbox 1526 1886 1636 1936; x_wconf 84' lang='lat' dir='ltr'><strong>hoc.</strong></span> <span class='ocrx_word' id='word_1_211' title='bbox 1702 1886 1787 1937; x_wconf 85' lang='lat' dir='ltr'><strong>So.</strong></span> <span class='ocrx_word' id='word_1_212' title='bbox 1820 1884 1952 1934; x_wconf 84' lang='lat' dir='ltr'><strong>Num</strong></span> <span class='ocrx_word' id='word_1_213' title='bbox 1986 1886 2054 1935; x_wconf 86' lang='lat' dir='ltr'><strong>rei</strong></span> <span class='ocrx_word' id='word_1_214' title='bbox 2096 1886 2232 1936; x_wconf 86' lang='lat' dir='ltr'><strong>istius</strong></span> <span class='ocrx_word' id='word_1_215' title='bbox 2273 1895 2485 1936; x_wconf 82' lang='lat' dir='ltr'><strong>naturam</strong></span> <span class='ocrx_word' id='word_1_216' title='bbox 2520 1886 2663 1935; x_wconf 80' lang='lat' dir='ltr'><strong>talem</strong></span> 
     </span>
     <span class='ocr_line' id='line_1_19' title="bbox 460 1963 2663 2035; baseline -0.001 -17"><span class='ocrx_word' id='word_1_217' title='bbox 460 1968 657 2035; x_wconf 83' lang='lat' dir='ltr'><strong>putatis,</strong></span> <span class='ocrx_word' id='word_1_218' title='bbox 678 1975 734 2017; x_wconf 89' lang='lat' dir='ltr'><strong>ut</strong></span> <span class='ocrx_word' id='word_1_219' title='bbox 753 1976 918 2016; x_wconf 88' lang='lat' dir='ltr'><strong>sancta</strong></span> <span class='ocrx_word' id='word_1_220' title='bbox 939 1967 1019 2028; x_wconf 83' lang='lat' dir='ltr'><strong>sit,</strong></span> <span class='ocrx_word' id='word_1_221' title='bbox 1049 1982 1110 2014; x_wconf 86' lang='lat' dir='ltr'><strong>an</strong></span> <span class='ocrx_word' id='word_1_222' title='bbox 1132 1972 1188 2013; x_wconf 89' lang='lat' dir='ltr'><strong>ut</strong></span> <span class='ocrx_word' id='word_1_223' title='bbox 1208 1966 1441 2030; x_wconf 76' lang='lat' dir='ltr'><strong>profana?</strong></span> <span class='ocrx_word' id='word_1_224' title='bbox 1507 1963 1930 2029; x_wconf 81' lang='lat' dir='ltr'><strong>Interrogationem</strong></span> <span class='ocrx_word' id='word_1_225' title='bbox 1953 1966 2076 2015; x_wconf 83' lang='lat' dir='ltr'><strong>hanc</strong></span> <span class='ocrx_word' id='word_1_226' title='bbox 2095 1983 2218 2030; x_wconf 64' lang='lat' dir='ltr'><strong>egre</strong></span> <span class='ocrx_word' id='word_1_227' title='bbox 2239 1968 2421 2025; x_wconf 79' lang='lat' dir='ltr'><strong>ferrem,</strong></span> <span class='ocrx_word' id='word_1_228' title='bbox 2445 1968 2504 2014; x_wconf 85' lang='lat' dir='ltr'><strong>ad</strong></span> <span class='ocrx_word' id='word_1_229' title='bbox 2527 1983 2663 2015; x_wconf 90' lang='lat' dir='ltr'><strong>eum-</strong></span> 
     </span>
     <span class='ocr_line' id='line_1_20' title="bbox 462 2046 2666 2115; baseline -0.001 -16"><span class='ocrx_word' id='word_1_230' title='bbox 462 2063 557 2115; x_wconf 84' lang='lat' dir='ltr'><strong>que</strong></span> <span class='ocrx_word' id='word_1_231' title='bbox 578 2063 831 2098; x_wconf 72' lang='lat' dir='ltr'><strong>conversus</strong></span> <span class='ocrx_word' id='word_1_232' title='bbox 853 2048 1125 2113; x_wconf 83' lang='lat' dir='ltr'><strong>objicerem,</strong></span> <span class='ocrx_word' id='word_1_233' title='bbox 1163 2048 1303 2096; x_wconf 88' lang='lat' dir='ltr'><strong>Bona</strong></span> <span class='ocrx_word' id='word_1_234' title='bbox 1332 2049 1493 2108; x_wconf 76' lang='lat' dir='ltr'><strong>verba,</strong></span> <span class='ocrx_word' id='word_1_235' title='bbox 1526 2063 1706 2110; x_wconf 77' lang='lat' dir='ltr'><strong>quaeso.</strong></span> <span class='ocrx_word' id='word_1_236' title='bbox 1772 2046 2031 2112; x_wconf 83' lang='lat' dir='ltr'><strong>Nunquam</strong></span> <span class='ocrx_word' id='word_1_237' title='bbox 2067 2064 2207 2113; x_wconf 88' lang='lat' dir='ltr'><strong>porro</strong></span> <span class='ocrx_word' id='word_1_238' title='bbox 2238 2058 2449 2097; x_wconf 87' lang='lat' dir='ltr'><strong>sanctum</strong></span> <span class='ocrx_word' id='word_1_239' title='bbox 2483 2049 2666 2112; x_wconf 86' lang='lat' dir='ltr'><strong>aliquid</strong></span> 
     </span>
     <span class='ocr_line' id='line_1_21' title="bbox 465 2127 2666 2192; baseline -0.001 -14"><span class='ocrx_word' id='word_1_240' title='bbox 465 2141 605 2186; x_wconf 80' lang='lat' dir='ltr'><strong>essct,</strong></span> <span class='ocrx_word' id='word_1_241' title='bbox 627 2129 720 2178; x_wconf 84' lang='lat' dir='ltr'><strong>nisi</strong></span> <span class='ocrx_word' id='word_1_242' title='bbox 740 2137 791 2178; x_wconf 80' lang='lat' dir='ltr'><strong>et</strong></span> <span class='ocrx_word' id='word_1_243' title='bbox 810 2136 974 2178; x_wconf 81' lang='lat' dir='ltr'><strong>sancta</strong></span> <span class='ocrx_word' id='word_1_244' title='bbox 994 2129 1097 2192; x_wconf 82' lang='lat' dir='ltr'><strong>ipsa</strong></span> <span class='ocrx_word' id='word_1_245' title='bbox 1117 2129 1341 2177; x_wconf 84' lang='lat' dir='ltr'><strong>sauctitas</strong></span> <span class='ocrx_word' id='word_1_246' title='bbox 1362 2136 1503 2178; x_wconf 86' lang='lat' dir='ltr'><strong>esset.</strong></span> <span class='ocrx_word' id='word_1_247' title='bbox 1556 2128 1671 2190; x_wconf 89' lang='lat' dir='ltr'><strong>quid</strong></span> <span class='ocrx_word' id='word_1_248' title='bbox 1694 2135 1746 2176; x_wconf 87' lang='lat' dir='ltr'><strong>et</strong></span> <span class='ocrx_word' id='word_1_249' title='bbox 1766 2134 1816 2175; x_wconf 89' lang='lat' dir='ltr'><strong>tu</strong></span> <span class='ocrx_word' id='word_1_250' title='bbox 1837 2127 1855 2175; x_wconf 68' lang='grc' dir='ltr'><strong><em>ἓ</em></strong></span> <span class='ocrx_word' id='word_1_251' title='bbox 1889 2143 1950 2176; x_wconf 84' lang='lat' dir='ltr'><strong>an</strong></span> <span class='ocrx_word' id='word_1_252' title='bbox 1971 2144 2069 2176; x_wconf 88' lang='lat' dir='ltr'><strong>non</strong></span> <span class='ocrx_word' id='word_1_253' title='bbox 2092 2128 2304 2178; x_wconf 85' lang='lat' dir='ltr'><strong>similiter</strong></span> <span class='ocrx_word' id='word_1_254' title='bbox 2322 2131 2628 2192; x_wconf 84' lang='lat' dir='ltr'><strong>responderes</strong></span> <span class='ocrx_word' id='word_1_255' title='bbox 2648 2127 2666 2176; x_wconf 67' lang='grc' dir='ltr'><strong><em>ἓ</em></strong></span> 
     </span>
     <span class='ocr_line' id='line_1_22' title="bbox 463 2208 2668 2275; baseline -0.001 -15"><span class='ocrx_word' id='word_1_256' title='bbox 463 2210 633 2260; x_wconf 81' lang='lat' dir='ltr'><strong>Paor.</strong></span> <span class='ocrx_word' id='word_1_257' title='bbox 665 2211 907 2259; x_wconf 79' lang='lat' dir='ltr'><strong>Similiter.</strong></span> <span class='ocrx_word' id='word_1_258' title='bbox 973 2211 1058 2260; x_wconf 88' lang='lat' dir='ltr'><strong>So.</strong></span> <span class='ocrx_word' id='word_1_259' title='bbox 1090 2210 1239 2259; x_wconf 87' lang='lat' dir='ltr'><strong>Sibis</strong></span> <span class='ocrx_word' id='word_1_260' title='bbox 1260 2209 1507 2275; x_wconf 85' lang='lat' dir='ltr'><strong>adjiceret,</strong></span> <span class='ocrx_word' id='word_1_261' title='bbox 1526 2208 1606 2258; x_wconf 81' lang='lat' dir='ltr'><strong>An</strong></span> <span class='ocrx_word' id='word_1_262' title='bbox 1633 2224 1741 2273; x_wconf 64' lang='lat' dir='ltr'><strong>qun</strong></span> <span class='ocrx_word' id='word_1_263' title='bbox 1766 2224 1906 2272; x_wconf 88' lang='lat' dir='ltr'><strong>supra</strong></span> <span class='ocrx_word' id='word_1_264' title='bbox 1927 2209 2129 2266; x_wconf 81' lang='lat' dir='ltr'><strong>dixistis,</strong></span> <span class='ocrx_word' id='word_1_265' title='bbox 2151 2217 2276 2259; x_wconf 83' lang='lat' dir='ltr'><strong>recte</strong></span> <span class='ocrx_word' id='word_1_266' title='bbox 2295 2209 2498 2274; x_wconf 86' lang='lat' dir='ltr'><strong>accepi?</strong></span> <span class='ocrx_word' id='word_1_267' title='bbox 2533 2209 2668 2257; x_wconf 77' lang='lat' dir='ltr'><strong>vide·</strong></span> 
     </span>
     <span class='ocr_line' id='line_1_23' title="bbox 466 2290 2670 2356; baseline -0.002 -14"><span class='ocrx_word' id='word_1_268' title='bbox 466 2291 642 2342; x_wconf 79' lang='lat' dir='ltr'><strong>bamini</strong></span> <span class='ocrx_word' id='word_1_269' title='bbox 665 2291 783 2340; x_wconf 85' lang='lat' dir='ltr'><strong>mihi</strong></span> <span class='ocrx_word' id='word_1_270' title='bbox 805 2292 948 2356; x_wconf 88' lang='lat' dir='ltr'><strong>paulo</strong></span> <span class='ocrx_word' id='word_1_271' title='bbox 970 2300 1080 2341; x_wconf 83' lang='lat' dir='ltr'><strong>ante</strong></span> <span class='ocrx_word' id='word_1_272' title='bbox 1112 2307 1332 2350; x_wconf 85' lang='lat' dir='ltr'><strong>asserere,</strong></span> <span class='ocrx_word' id='word_1_273' title='bbox 1372 2293 1439 2340; x_wconf 82' lang='lat' dir='ltr'><strong>ita</strong></span> <span class='ocrx_word' id='word_1_274' title='bbox 1468 2291 1745 2341; x_wconf 82' lang='lat' dir='ltr'><strong>seinvicem</strong></span> <span class='ocrx_word' id='word_1_275' title='bbox 1768 2298 1924 2356; x_wconf 84' lang='lat' dir='ltr'><strong>partes</strong></span> <span class='ocrx_word' id='word_1_276' title='bbox 1945 2290 2132 2339; x_wconf 79' lang='lat' dir='ltr'><strong>virtutis</strong></span> <span class='ocrx_word' id='word_1_277' title='bbox 2160 2292 2348 2349; x_wconf 84' lang='lat' dir='ltr'><strong>habere,</strong></span> <span class='ocrx_word' id='word_1_278' title='bbox 2391 2299 2447 2338; x_wconf 92' lang='lat' dir='ltr'><strong>ut</strong></span> <span class='ocrx_word' id='word_1_279' title='bbox 2471 2305 2568 2338; x_wconf 87' lang='lat' dir='ltr'><strong>non</strong></span> <span class='ocrx_word' id='word_1_280' title='bbox 2606 2290 2670 2338; x_wconf 88' lang='lat' dir='ltr'><strong>sit</strong></span> 
     </span>
     <span class='ocr_line' id='line_1_24' title="bbox 467 2371 2669 2437; baseline -0.003 -14"><span class='ocrx_word' id='word_1_281' title='bbox 467 2373 566 2423; x_wconf 83' lang='lat' dir='ltr'><strong>alia</strong></span> <span class='ocrx_word' id='word_1_282' title='bbox 602 2389 708 2437; x_wconf 81' lang='lat' dir='ltr'><strong>pars</strong></span> <span class='ocrx_word' id='word_1_283' title='bbox 744 2374 899 2437; x_wconf 82' lang='lat' dir='ltr'><strong>qualis</strong></span> <span class='ocrx_word' id='word_1_284' title='bbox 937 2383 1011 2422; x_wconf 83' lang='lat' dir='ltr'><strong>est</strong></span> <span class='ocrx_word' id='word_1_285' title='bbox 1029 2373 1147 2422; x_wconf 73' lang='lat' dir='ltr'><strong>&#39;alia-</strong></span> <span class='ocrx_word' id='word_1_286' title='bbox 1180 2372 1399 2423; x_wconf 76' lang='lat' dir='ltr'><strong>inferrem</strong></span> <span class='ocrx_word' id='word_1_287' title='bbox 1430 2373 1651 2437; x_wconf 83' lang='lat' dir='ltr'><strong>equidem</strong></span> <span class='ocrx_word' id='word_1_288' title='bbox 1691 2374 1752 2422; x_wconf 87' lang='lat' dir='ltr'><strong>sd</strong></span> <span class='ocrx_word' id='word_1_289' title='bbox 1789 2373 1908 2432; x_wconf 68' lang='lat' dir='ltr'><strong>haec,</strong></span> <span class='ocrx_word' id='word_1_290' title='bbox 1944 2373 2073 2436; x_wconf 89' lang='lat' dir='ltr'><strong>quod</strong></span> <span class='ocrx_word' id='word_1_291' title='bbox 2109 2371 2206 2420; x_wconf 86' lang='lat' dir='ltr'><strong>alia</strong></span> <span class='ocrx_word' id='word_1_292' title='bbox 2239 2379 2367 2420; x_wconf 84' lang='lat' dir='ltr'><strong>recte</strong></span> <span class='ocrx_word' id='word_1_293' title='bbox 2393 2371 2669 2435; x_wconf 82' lang='lat' dir='ltr'><strong>acceperit:</strong></span> 
     </span>
     <span class='ocr_line' id='line_1_25' title="bbox 468 2446 2670 2520; baseline -0.002 -16"><span class='ocrx_word' id='word_1_294' title='bbox 468 2454 598 2520; x_wconf 85' lang='lat' dir='ltr'><strong>quod</strong></span> <span class='ocrx_word' id='word_1_295' title='bbox 629 2470 739 2504; x_wconf 85' lang='lat' dir='ltr'><strong>vero</strong></span> <span class='ocrx_word' id='word_1_296' title='bbox 771 2470 847 2504; x_wconf 87' lang='lat' dir='ltr'><strong>me</strong></span> <span class='ocrx_word' id='word_1_297' title='bbox 876 2454 927 2503; x_wconf 90' lang='lat' dir='ltr'><strong>in</strong></span> <span class='ocrx_word' id='word_1_298' title='bbox 965 2470 1024 2503; x_wconf 87' lang='lat' dir='ltr'><strong>eo</strong></span> <span class='ocrx_word' id='word_1_299' title='bbox 1057 2453 1350 2504; x_wconf 73' lang='lat' dir='ltr'><strong>consensisse</strong></span> <span class='ocrx_word' id='word_1_300' title='bbox 1382 2454 1580 2519; x_wconf 80' lang='lat' dir='ltr'><strong>putarit,</strong></span> <span class='ocrx_word' id='word_1_301' title='bbox 1613 2470 1711 2504; x_wconf 87' lang='lat' dir='ltr'><strong>non</strong></span> <span class='ocrx_word' id='word_1_302' title='bbox 1746 2462 1891 2504; x_wconf 82' lang='lat' dir='ltr'><strong>recte.</strong></span> <span class='ocrx_word' id='word_1_303' title='bbox 1927 2453 2076 2519; x_wconf 73' lang='lat'><em>[881]</em></span> <span class='ocrx_word' id='word_1_304' title='bbox 2111 2452 2236 2503; x_wconf 86' lang='lat' dir='ltr'><strong>Nam</strong></span> <span class='ocrx_word' id='word_1_305' title='bbox 2271 2446 2547 2518; x_wconf 68' lang='lat' dir='ltr'><strong>Protagoras</strong></span> <span class='ocrx_word' id='word_1_306' title='bbox 2581 2452 2670 2500; x_wconf 88' lang='lat' dir='ltr'><strong>iste</strong></span> 
     </span>
     <span class='ocr_line' id='line_1_26' title="bbox 468 2534 2672 2599; baseline -0.001 -14"><span class='ocrx_word' id='word_1_307' title='bbox 468 2537 574 2585; x_wconf 63' lang='lat' dir='ltr'><strong>boc</strong></span> <span class='ocrx_word' id='word_1_308' title='bbox 594 2534 869 2599; x_wconf 73' lang='lat' dir='ltr'><strong>respondit:</strong></span> <span class='ocrx_word' id='word_1_309' title='bbox 903 2550 993 2597; x_wconf 82' lang='lat' dir='ltr'><strong>ego</strong></span> <span class='ocrx_word' id='word_1_310' title='bbox 1015 2542 1173 2583; x_wconf 89' lang='lat' dir='ltr'><strong>autem</strong></span> <span class='ocrx_word' id='word_1_311' title='bbox 1195 2535 1416 2598; x_wconf 66' lang='lat' dir='ltr'><strong>quesivi.</strong></span> <span class='ocrx_word' id='word_1_312' title='bbox 1489 2535 1618 2598; x_wconf 75' lang='lat' dir='ltr'><strong>Ergo</strong></span> <span class='ocrx_word' id='word_1_313' title='bbox 1639 2537 1677 2583; x_wconf 91' lang='lat' dir='ltr'><strong>si</strong></span> <span class='ocrx_word' id='word_1_314' title='bbox 1694 2536 1838 2593; x_wconf 87' lang='lat' dir='ltr'><strong>dicat,</strong></span> <span class='ocrx_word' id='word_1_315' title='bbox 1865 2535 1910 2584; x_wconf 91' lang='lat'>0</span> <span class='ocrx_word' id='word_1_316' title='bbox 1935 2535 2208 2599; x_wconf 77' lang='lat' dir='ltr'><strong>Protagora,</strong></span> <span class='ocrx_word' id='word_1_317' title='bbox 2229 2549 2337 2584; x_wconf 82' lang='lat' dir='ltr'><strong>vere</strong></span> <span class='ocrx_word' id='word_1_318' title='bbox 2356 2534 2563 2598; x_wconf 87' lang='lat' dir='ltr'><strong>loquitur</strong></span> <span class='ocrx_word' id='word_1_319' title='bbox 2582 2534 2672 2582; x_wconf 85' lang='lat' dir='ltr'><strong>So·</strong></span> 
     </span>
     <span class='ocr_line' id='line_1_27' title="bbox 469 2614 2670 2680; baseline -0.002 -14"><span class='ocrx_word' id='word_1_320' title='bbox 469 2625 652 2667; x_wconf 71' lang='lat' dir='ltr'><strong>entes:</strong></span> <span class='ocrx_word' id='word_1_321' title='bbox 687 2616 790 2678; x_wconf 88' lang='lat' dir='ltr'><strong>ipse</strong></span> <span class='ocrx_word' id='word_1_322' title='bbox 811 2631 863 2663; x_wconf 88' lang='lat' dir='ltr'><strong>es</strong></span> <span class='ocrx_word' id='word_1_323' title='bbox 885 2615 966 2677; x_wconf 89' lang='lat' dir='ltr'><strong>qui</strong></span> <span class='ocrx_word' id='word_1_324' title='bbox 992 2615 1078 2671; x_wconf 86' lang='lat' dir='ltr'><strong>ais,</strong></span> <span class='ocrx_word' id='word_1_325' title='bbox 1101 2614 1283 2662; x_wconf 85' lang='lat' dir='ltr'><strong>virtutis</strong></span> <span class='ocrx_word' id='word_1_326' title='bbox 1304 2622 1486 2676; x_wconf 86' lang='lat' dir='ltr'><strong>partem</strong></span> <span class='ocrx_word' id='word_1_327' title='bbox 1508 2616 1646 2664; x_wconf 85' lang='lat' dir='ltr'><strong>aliam</strong></span> <span class='ocrx_word' id='word_1_328' title='bbox 1670 2631 1768 2664; x_wconf 88' lang='lat' dir='ltr'><strong>non</strong></span> <span class='ocrx_word' id='word_1_329' title='bbox 1788 2632 1893 2664; x_wconf 86' lang='lat' dir='ltr'><strong>esse</strong></span> <span class='ocrx_word' id='word_1_330' title='bbox 1927 2617 2090 2679; x_wconf 87' lang='lat' dir='ltr'><strong>talem,</strong></span> <span class='ocrx_word' id='word_1_331' title='bbox 2125 2617 2280 2680; x_wconf 86' lang='lat' dir='ltr'><strong>qualis</strong></span> <span class='ocrx_word' id='word_1_332' title='bbox 2300 2623 2373 2665; x_wconf 84' lang='lat' dir='ltr'><strong>est</strong></span> <span class='ocrx_word' id='word_1_333' title='bbox 2392 2615 2486 2664; x_wconf 82' lang='lat' dir='ltr'><strong>alia</strong></span> <span class='ocrx_word' id='word_1_334' title='bbox 2507 2632 2520 2663; x_wconf 71' lang='grc' dir='ltr'><strong>ε</strong></span> <span class='ocrx_word' id='word_1_335' title='bbox 2560 2622 2670 2662; x_wconf 85' lang='lat' dir='ltr'><strong>tuus</strong></span> 
     </span>
     <span class='ocr_line' id='line_1_28' title="bbox 472 2692 2669 2758; baseline 0 -14"><span class='ocrx_word' id='word_1_336' title='bbox 472 2696 553 2745; x_wconf 80' lang='lat' dir='ltr'><strong>bic</strong></span> <span class='ocrx_word' id='word_1_337' title='bbox 574 2711 725 2743; x_wconf 81' lang='lat' dir='ltr'><strong>sermo</strong></span> <span class='ocrx_word' id='word_1_338' title='bbox 745 2704 833 2743; x_wconf 83' lang='lat' dir='ltr'><strong>est.</strong></span> <span class='ocrx_word' id='word_1_339' title='bbox 867 2695 981 2758; x_wconf 88' lang='lat' dir='ltr'><strong>quid</strong></span> <span class='ocrx_word' id='word_1_340' title='bbox 1006 2692 1075 2741; x_wconf 87' lang='lat' dir='ltr'><strong>illi</strong></span> <span class='ocrx_word' id='word_1_341' title='bbox 1098 2700 1148 2741; x_wconf 89' lang='lat' dir='ltr'><strong>tu</strong></span> <span class='ocrx_word' id='word_1_342' title='bbox 1172 2693 1518 2756; x_wconf 80' lang='lat' dir='ltr'><strong>respondebis?</strong></span> <span class='ocrx_word' id='word_1_343' title='bbox 1586 2695 1753 2743; x_wconf 72' lang='lat' dir='ltr'><strong>Pnor.</strong></span> <span class='ocrx_word' id='word_1_344' title='bbox 1787 2695 1999 2744; x_wconf 82' lang='lat' dir='ltr'><strong>Necesse</strong></span> <span class='ocrx_word' id='word_1_345' title='bbox 2020 2703 2110 2751; x_wconf 87' lang='lat' dir='ltr'><strong>est,</strong></span> <span class='ocrx_word' id='word_1_346' title='bbox 2132 2712 2161 2743; x_wconf 88' lang='grc' dir='ltr'>ο</span> <span class='ocrx_word' id='word_1_347' title='bbox 2184 2696 2416 2753; x_wconf 75' lang='lat' dir='ltr'><strong>Socrates,</strong></span> <span class='ocrx_word' id='word_1_348' title='bbox 2438 2695 2669 2744; x_wconf 81' lang='lat' dir='ltr'><strong>assentiri.</strong></span> 
     </span>
     <span class='ocr_line' id='line_1_29' title="bbox 474 2772 2672 2839; baseline -0.002 -15"><span class='ocrx_word' id='word_1_349' title='bbox 474 2777 563 2828; x_wconf 81' lang='lat' dir='ltr'><strong>So.</strong></span> <span class='ocrx_word' id='word_1_350' title='bbox 595 2775 686 2824; x_wconf 83' lang='lat' dir='ltr'><strong>His</strong></span> <span class='ocrx_word' id='word_1_351' title='bbox 716 2775 968 2831; x_wconf 86' lang='lat' dir='ltr'><strong>concessis,</strong></span> <span class='ocrx_word' id='word_1_352' title='bbox 1007 2773 1124 2837; x_wconf 88' lang='lat' dir='ltr'><strong>quid</strong></span> <span class='ocrx_word' id='word_1_353' title='bbox 1160 2772 1236 2821; x_wconf 85' lang='lat' dir='ltr'><strong>illi</strong></span> <span class='ocrx_word' id='word_1_354' title='bbox 1274 2773 1570 2836; x_wconf 83' lang='lat' dir='ltr'><strong>potissimum</strong></span> <span class='ocrx_word' id='word_1_355' title='bbox 1608 2775 2015 2837; x_wconf 82' lang='lat' dir='ltr'><strong>respondebimus,</strong></span> <span class='ocrx_word' id='word_1_356' title='bbox 2054 2775 2098 2822; x_wconf 85' lang='lat' dir='ltr'><strong>si</strong></span> <span class='ocrx_word' id='word_1_357' title='bbox 2139 2776 2263 2822; x_wconf 84' lang='lat' dir='ltr'><strong>ultra</strong></span> <span class='ocrx_word' id='word_1_358' title='bbox 2303 2778 2370 2825; x_wconf 84' lang='lat' dir='ltr'><strong>sic</strong></span> <span class='ocrx_word' id='word_1_359' title='bbox 2404 2775 2672 2839; x_wconf 79' lang='lat' dir='ltr'><strong>objecerit?</strong></span> 
     </span>
     <span class='ocr_line' id='line_1_30' title="bbox 471 2853 2675 2920; baseline -0.001 -14"><span class='ocrx_word' id='word_1_360' title='bbox 471 2857 590 2907; x_wconf 78' lang='lat' dir='ltr'><strong>Non</strong></span> <span class='ocrx_word' id='word_1_361' title='bbox 612 2872 725 2920; x_wconf 83' lang='lat' dir='ltr'><strong>ergo</strong></span> <span class='ocrx_word' id='word_1_362' title='bbox 748 2856 853 2904; x_wconf 85' lang='lat' dir='ltr'><strong>talis</strong></span> <span class='ocrx_word' id='word_1_363' title='bbox 872 2863 946 2904; x_wconf 89' lang='lat' dir='ltr'><strong>est</strong></span> <span class='ocrx_word' id='word_1_364' title='bbox 967 2854 1213 2915; x_wconf 78' lang='lat' dir='ltr'><strong>sanctitas,</strong></span> <span class='ocrx_word' id='word_1_365' title='bbox 1254 2861 1307 2901; x_wconf 88' lang='lat' dir='ltr'><strong>ut</strong></span> <span class='ocrx_word' id='word_1_366' title='bbox 1325 2869 1397 2902; x_wconf 87' lang='lat' dir='ltr'><strong>res</strong></span> <span class='ocrx_word' id='word_1_367' title='bbox 1412 2853 1547 2917; x_wconf 85' lang='lat' dir='ltr'><strong>justa</strong></span> <span class='ocrx_word' id='word_1_368' title='bbox 1566 2854 1659 2902; x_wconf 84' lang='lat' dir='ltr'><strong>sit:</strong></span> <span class='ocrx_word' id='word_1_369' title='bbox 1695 2870 1852 2920; x_wconf 84' lang='lat' dir='ltr'><strong>neque</strong></span> <span class='ocrx_word' id='word_1_370' title='bbox 1882 2853 2071 2917; x_wconf 86' lang='lat' dir='ltr'><strong>justitia</strong></span> <span class='ocrx_word' id='word_1_371' title='bbox 2106 2854 2231 2911; x_wconf 87' lang='lat' dir='ltr'><strong>talis,</strong></span> <span class='ocrx_word' id='word_1_372' title='bbox 2267 2862 2321 2901; x_wconf 88' lang='lat' dir='ltr'><strong>ut</strong></span> <span class='ocrx_word' id='word_1_373' title='bbox 2355 2864 2552 2903; x_wconf 85' lang='lat' dir='ltr'><strong>sancta:</strong></span> <span class='ocrx_word' id='word_1_374' title='bbox 2587 2854 2675 2902; x_wconf 83' lang='lat' dir='ltr'><strong>sed</strong></span> 
     </span>
     <span class='ocr_line' id='line_1_31' title="bbox 472 2934 2673 3000; baseline -0.003 -13"><span class='ocrx_word' id='word_1_375' title='bbox 472 2939 556 2987; x_wconf 87' lang='lat' dir='ltr'><strong>illa</strong></span> <span class='ocrx_word' id='word_1_376' title='bbox 576 2937 701 2995; x_wconf 82' lang='lat' dir='ltr'><strong>talis,</strong></span> <span class='ocrx_word' id='word_1_377' title='bbox 725 2945 779 2986; x_wconf 90' lang='lat' dir='ltr'><strong>ut</strong></span> <span class='ocrx_word' id='word_1_378' title='bbox 797 2952 897 2984; x_wconf 84' lang='lat' dir='ltr'><strong>non</strong></span> <span class='ocrx_word' id='word_1_379' title='bbox 907 2935 1056 2999; x_wconf 84' lang='lat' dir='ltr'><strong>justa,</strong></span> <span class='ocrx_word' id='word_1_380' title='bbox 1079 2936 1200 2994; x_wconf 78' lang='lat' dir='ltr'><strong>haec,</strong></span> <span class='ocrx_word' id='word_1_381' title='bbox 1223 2942 1279 2983; x_wconf 89' lang='lat' dir='ltr'><strong>ut</strong></span> <span class='ocrx_word' id='word_1_382' title='bbox 1298 2950 1395 2984; x_wconf 86' lang='lat' dir='ltr'><strong>nou</strong></span> <span class='ocrx_word' id='word_1_383' title='bbox 1416 2943 1597 2985; x_wconf 73' lang='lat' dir='ltr'><strong>meta.</strong></span> <span class='ocrx_word' id='word_1_384' title='bbox 1629 2935 1805 2999; x_wconf 86' lang='lat' dir='ltr'><strong>injusta</strong></span> <span class='ocrx_word' id='word_1_385' title='bbox 1826 2936 1984 3000; x_wconf 83' lang='lat' dir='ltr'><strong>itaque</strong></span> <span class='ocrx_word' id='word_1_386' title='bbox 2007 2935 2106 2992; x_wconf 89' lang='lat' dir='ltr'><strong>illa,</strong></span> <span class='ocrx_word' id='word_1_387' title='bbox 2122 2936 2225 2983; x_wconf 70' lang='lat' dir='ltr'><strong>haec</strong></span> <span class='ocrx_word' id='word_1_388' title='bbox 2247 2934 2459 2999; x_wconf 79' lang='lat' dir='ltr'><strong>profana.</strong></span> <span class='ocrx_word' id='word_1_389' title='bbox 2536 2934 2673 2991; x_wconf 86' lang='lat' dir='ltr'><strong>Quid</strong></span> 
     </span>
     <span class='ocr_line' id='line_1_32' title="bbox 472 3012 2676 3083; baseline -0.002 -16"><span class='ocrx_word' id='word_1_390' title='bbox 472 3019 533 3067; x_wconf 89' lang='lat' dir='ltr'><strong>ad</strong></span> <span class='ocrx_word' id='word_1_391' title='bbox 557 3019 888 3083; x_wconf 58' lang='lat' dir='ltr'><strong>haqinquam</strong></span> <span class='ocrx_word' id='word_1_392' title='bbox 910 3018 928 3065; x_wconf 75' lang='grc' dir='ltr'><strong><em>ἓ</em></strong></span> <span class='ocrx_word' id='word_1_393' title='bbox 961 3018 1181 3083; x_wconf 83' lang='lat' dir='ltr'><strong>equidem</strong></span> <span class='ocrx_word' id='word_1_394' title='bbox 1205 3033 1384 3067; x_wconf 80' lang='lat' dir='ltr'><strong>meaex</strong></span> <span class='ocrx_word' id='word_1_395' title='bbox 1407 3018 1643 3067; x_wconf 82' lang='lat' dir='ltr'><strong>sententia</strong></span> <span class='ocrx_word' id='word_1_396' title='bbox 1656 3018 1810 3066; x_wconf 87' lang='lat' dir='ltr'><strong>dicam</strong></span> <span class='ocrx_word' id='word_1_397' title='bbox 1828 3015 2063 3081; x_wconf 84' lang='lat' dir='ltr'><strong>justitiam</strong></span> <span class='ocrx_word' id='word_1_398' title='bbox 2083 3032 2185 3065; x_wconf 88' lang='lat' dir='ltr'><strong>esse</strong></span> <span class='ocrx_word' id='word_1_399' title='bbox 2205 3025 2434 3069; x_wconf 84' lang='lat' dir='ltr'><strong>sanctam,</strong></span> <span class='ocrx_word' id='word_1_400' title='bbox 2463 3012 2676 3075; x_wconf 63' lang='lat' dir='ltr'><strong>justam-</strong></span> 
     </span>
     <span class='ocr_line' id='line_1_33' title="bbox 473 3090 2676 3163; baseline -0.001 -17"><span class='ocrx_word' id='word_1_401' title='bbox 473 3114 567 3163; x_wconf 85' lang='lat' dir='ltr'><strong>que</strong></span> <span class='ocrx_word' id='word_1_402' title='bbox 587 3099 760 3149; x_wconf 87' lang='lat' dir='ltr'><strong>iterum</strong></span> <span class='ocrx_word' id='word_1_403' title='bbox 779 3090 1100 3149; x_wconf 80' lang='lat' dir='ltr'><strong>sanctitatem.</strong></span> <span class='ocrx_word' id='word_1_404' title='bbox 1145 3098 1343 3147; x_wconf 80' lang='lat' dir='ltr'><strong>arbitror</strong></span> <span class='ocrx_word' id='word_1_405' title='bbox 1361 3113 1554 3162; x_wconf 88' lang='lat' dir='ltr'><strong>quoque</strong></span> <span class='ocrx_word' id='word_1_406' title='bbox 1577 3097 1903 3162; x_wconf 84' lang='lat' dir='ltr'><strong>permissurum</strong></span> <span class='ocrx_word' id='word_1_407' title='bbox 1925 3105 1994 3159; x_wconf 89' lang='lat' dir='ltr'><strong>te,</strong></span> <span class='ocrx_word' id='word_1_408' title='bbox 2024 3106 2080 3146; x_wconf 90' lang='lat' dir='ltr'><strong>ut</strong></span> <span class='ocrx_word' id='word_1_409' title='bbox 2113 3105 2195 3144; x_wconf 88' lang='lat' dir='ltr'><strong>tua</strong></span> <span class='ocrx_word' id='word_1_410' title='bbox 2215 3097 2318 3144; x_wconf 83' lang='lat' dir='ltr'><strong>vice</strong></span> <span class='ocrx_word' id='word_1_411' title='bbox 2340 3096 2444 3143; x_wconf 74' lang='lat' dir='ltr'><strong>hasc</strong></span> <span class='ocrx_word' id='word_1_412' title='bbox 2475 3095 2579 3157; x_wconf 84' lang='lat' dir='ltr'><strong>ipsa</strong></span> <span class='ocrx_word' id='word_1_413' title='bbox 2601 3110 2676 3143; x_wconf 88' lang='lat' dir='ltr'><strong>re·</strong></span> 
     </span>
     <span class='ocr_line' id='line_1_34' title="bbox 474 3176 2673 3243; baseline -0.001 -17"><span class='ocrx_word' id='word_1_414' title='bbox 474 3180 756 3243; x_wconf 73' lang='lat' dir='ltr'><strong>spondeam,</strong></span> <span class='ocrx_word' id='word_1_415' title='bbox 794 3181 923 3243; x_wconf 88' lang='lat' dir='ltr'><strong>quod</strong></span> <span class='ocrx_word' id='word_1_416' title='bbox 949 3180 1171 3229; x_wconf 79' lang='lat' dir='ltr'><strong>videlicet</strong></span> <span class='ocrx_word' id='word_1_417' title='bbox 1203 3187 1288 3228; x_wconf 86' lang='lat' dir='ltr'><strong>aut</strong></span> <span class='ocrx_word' id='word_1_418' title='bbox 1308 3180 1433 3229; x_wconf 84' lang='lat' dir='ltr'><strong>idem</strong></span> <span class='ocrx_word' id='word_1_419' title='bbox 1454 3186 1529 3229; x_wconf 84' lang='lat' dir='ltr'><strong>est</strong></span> <span class='ocrx_word' id='word_1_420' title='bbox 1555 3178 1738 3243; x_wconf 77' lang='lat' dir='ltr'><strong>justitia</strong></span> <span class='ocrx_word' id='word_1_421' title='bbox 1775 3179 1905 3243; x_wconf 90' lang='lat' dir='ltr'><strong>quod</strong></span> <span class='ocrx_word' id='word_1_422' title='bbox 1941 3185 2015 3227; x_wconf 88' lang='lat' dir='ltr'><strong>est</strong></span> <span class='ocrx_word' id='word_1_423' title='bbox 2048 3178 2290 3233; x_wconf 81' lang='lat' dir='ltr'><strong>sanctitas,</strong></span> <span class='ocrx_word' id='word_1_424' title='bbox 2324 3183 2407 3224; x_wconf 90' lang='lat' dir='ltr'><strong>aut</strong></span> <span class='ocrx_word' id='word_1_425' title='bbox 2434 3176 2537 3224; x_wconf 71' lang='lat' dir='ltr'><strong>lroec</strong></span> <span class='ocrx_word' id='word_1_426' title='bbox 2573 3177 2673 3224; x_wconf 90' lang='lat' dir='ltr'><strong>duo</strong></span> 
     </span>
     <span class='ocr_line' id='line_1_35' title="bbox 477 3257 2675 3324; baseline -0.002 -15"><span class='ocrx_word' id='word_1_427' title='bbox 477 3258 680 3309; x_wconf 76' lang='lat' dir='ltr'><strong>invicem</strong></span> <span class='ocrx_word' id='word_1_428' title='bbox 702 3276 845 3324; x_wconf 86' lang='lat' dir='ltr'><strong>quam</strong></span> <span class='ocrx_word' id='word_1_429' title='bbox 869 3259 1105 3308; x_wconf 77' lang='lat' dir='ltr'><strong>simillima</strong></span> <span class='ocrx_word' id='word_1_430' title='bbox 1125 3277 1139 3307; x_wconf 73' lang='grc' dir='ltr'><strong>ε</strong></span> <span class='ocrx_word' id='word_1_431' title='bbox 1176 3268 1229 3308; x_wconf 87' lang='lat' dir='ltr'><strong>ut</strong></span> <span class='ocrx_word' id='word_1_432' title='bbox 1249 3261 1449 3309; x_wconf 82' lang='lat' dir='ltr'><strong>maxime</strong></span> <span class='ocrx_word' id='word_1_433' title='bbox 1472 3260 1681 3309; x_wconf 85' lang='lat' dir='ltr'><strong>omnium</strong></span> <span class='ocrx_word' id='word_1_434' title='bbox 1705 3260 1812 3308; x_wconf 83' lang='lat' dir='ltr'><strong>talis</strong></span> <span class='ocrx_word' id='word_1_435' title='bbox 1843 3258 2031 3324; x_wconf 86' lang='lat' dir='ltr'><strong>justitia</strong></span> <span class='ocrx_word' id='word_1_436' title='bbox 2051 3260 2132 3316; x_wconf 75' lang='lat' dir='ltr'><strong>sit,</strong></span> <span class='ocrx_word' id='word_1_437' title='bbox 2161 3257 2315 3322; x_wconf 90' lang='lat' dir='ltr'><strong>qualis</strong></span> <span class='ocrx_word' id='word_1_438' title='bbox 2335 3266 2407 3307; x_wconf 87' lang='lat' dir='ltr'><strong>est</strong></span> <span class='ocrx_word' id='word_1_439' title='bbox 2427 3257 2675 3322; x_wconf 82' lang='lat' dir='ltr'><strong>sanctitas,</strong></span> 
     </span>
     <span class='ocr_line' id='line_1_36' title="bbox 475 3338 2674 3404; baseline -0.001 -16"><span class='ocrx_word' id='word_1_440' title='bbox 475 3346 527 3389; x_wconf 87' lang='lat' dir='ltr'><strong>et</strong></span> <span class='ocrx_word' id='word_1_441' title='bbox 548 3339 701 3404; x_wconf 89' lang='lat' dir='ltr'><strong>qualis</strong></span> <span class='ocrx_word' id='word_1_442' title='bbox 723 3338 967 3400; x_wconf 79' lang='lat' dir='ltr'><strong>sanctitas,</strong></span> <span class='ocrx_word' id='word_1_443' title='bbox 987 3338 1095 3385; x_wconf 78' lang='lat' dir='ltr'><strong>talis</strong></span> <span class='ocrx_word' id='word_1_444' title='bbox 1117 3339 1183 3386; x_wconf 86' lang='lat' dir='ltr'><strong>sit</strong></span> <span class='ocrx_word' id='word_1_445' title='bbox 1203 3347 1255 3385; x_wconf 87' lang='lat' dir='ltr'><strong>et</strong></span> <span class='ocrx_word' id='word_1_446' title='bbox 1286 3338 1493 3402; x_wconf 81' lang='lat' dir='ltr'><strong>justitia.</strong></span> <span class='ocrx_word' id='word_1_447' title='bbox 1558 3339 1708 3395; x_wconf 81' lang='lat' dir='ltr'><strong>Vide,</strong></span> <span class='ocrx_word' id='word_1_448' title='bbox 1731 3348 1884 3387; x_wconf 82' lang='lat' dir='ltr'><strong>utrum</strong></span> <span class='ocrx_word' id='word_1_449' title='bbox 1907 3355 1985 3387; x_wconf 88' lang='lat' dir='ltr'><strong>me</strong></span> <span class='ocrx_word' id='word_1_450' title='bbox 2016 3340 2085 3387; x_wconf 85' lang='lat' dir='ltr'><strong>ita</strong></span> <span class='ocrx_word' id='word_1_451' title='bbox 2107 3339 2389 3403; x_wconf 84' lang='lat' dir='ltr'><strong>respondere</strong></span> <span class='ocrx_word' id='word_1_452' title='bbox 2407 3338 2674 3402; x_wconf 82' lang='lat' dir='ltr'><strong>prohibeas,</strong></span> 
     </span>
     <span class='ocr_line' id='line_1_37' title="bbox 472 3418 2672 3481; baseline -0 -12"><span class='ocrx_word' id='word_1_453' title='bbox 472 3436 539 3471; x_wconf 80' lang='lat' dir='ltr'><strong>an</strong></span> <span class='ocrx_word' id='word_1_454' title='bbox 571 3420 638 3468; x_wconf 88' lang='lat' dir='ltr'><strong>ita</strong></span> <span class='ocrx_word' id='word_1_455' title='bbox 670 3418 882 3468; x_wconf 84' lang='lat' dir='ltr'><strong>sentias?</strong></span> <span class='ocrx_word' id='word_1_456' title='bbox 951 3418 1116 3466; x_wconf 70' lang='lat' dir='ltr'><strong>Paos·-</strong></span> <span class='ocrx_word' id='word_1_457' title='bbox 1149 3418 1294 3466; x_wconf 84' lang='lat' dir='ltr'><strong>Haud</strong></span> <span class='ocrx_word' id='word_1_458' title='bbox 1332 3419 1398 3466; x_wconf 86' lang='lat' dir='ltr'><strong>ita</strong></span> <span class='ocrx_word' id='word_1_459' title='bbox 1435 3420 1631 3480; x_wconf 78' lang='lat' dir='ltr'><strong>simplex</strong></span> <span class='ocrx_word' id='word_1_460' title='bbox 1654 3420 1778 3468; x_wconf 88' lang='lat' dir='ltr'><strong>istud</strong></span> <span class='ocrx_word' id='word_1_461' title='bbox 1801 3421 1915 3467; x_wconf 83' lang='lat' dir='ltr'><strong>mihi</strong></span> <span class='ocrx_word' id='word_1_462' title='bbox 1939 3421 2140 3481; x_wconf 83' lang='lat' dir='ltr'><strong>videtur,</strong></span> <span class='ocrx_word' id='word_1_463' title='bbox 2176 3436 2206 3468; x_wconf 93' lang='lat' dir='ltr'><strong>o</strong></span> <span class='ocrx_word' id='word_1_464' title='bbox 2229 3422 2462 3479; x_wconf 83' lang='lat' dir='ltr'><strong>Socrates,</strong></span> <span class='ocrx_word' id='word_1_465' title='bbox 2481 3426 2536 3466; x_wconf 88' lang='lat' dir='ltr'><strong>ut</strong></span> <span class='ocrx_word' id='word_1_466' title='bbox 2556 3434 2672 3468; x_wconf 89' lang='lat' dir='ltr'><strong>con·</strong></span> 
     </span>
     <span class='ocr_line' id='line_1_38' title="bbox 477 3498 2674 3563; baseline -0.003 -11"><span class='ocrx_word' id='word_1_467' title='bbox 477 3501 584 3552; x_wconf 90' lang='lat' dir='ltr'><strong>cedi</strong></span> <span class='ocrx_word' id='word_1_468' title='bbox 607 3499 774 3562; x_wconf 85' lang='lat' dir='ltr'><strong>possit,</strong></span> <span class='ocrx_word' id='word_1_469' title='bbox 797 3498 1092 3546; x_wconf 75' lang='lat' dir='ltr'><strong>sanctitatem</strong></span> <span class='ocrx_word' id='word_1_470' title='bbox 1113 3513 1215 3547; x_wconf 82' lang='lat' dir='ltr'><strong>esse</strong></span> <span class='ocrx_word' id='word_1_471' title='bbox 1229 3498 1427 3563; x_wconf 85' lang='lat' dir='ltr'><strong>justam,</strong></span> <span class='ocrx_word' id='word_1_472' title='bbox 1466 3506 1734 3548; x_wconf 70' lang='lat' dir='ltr'><strong>sanctarum</strong></span> <span class='ocrx_word' id='word_1_473' title='bbox 1764 3499 2012 3563; x_wconf 86' lang='lat' dir='ltr'><strong>justitiam.</strong></span> <span class='ocrx_word' id='word_1_474' title='bbox 2063 3516 2223 3550; x_wconf 82' lang='lat' dir='ltr'><strong>verum</strong></span> <span class='ocrx_word' id='word_1_475' title='bbox 2258 3500 2522 3550; x_wconf 81' lang='lat' dir='ltr'><strong>differentia</strong></span> <span class='ocrx_word' id='word_1_476' title='bbox 2543 3514 2674 3562; x_wconf 77' lang='lat' dir='ltr'><strong>qure-</strong></span> 
     </span>
     <span class='ocr_line' id='line_1_39' title="bbox 478 3577 2676 3642; baseline -0.002 -12"><span class='ocrx_word' id='word_1_477' title='bbox 478 3584 588 3631; x_wconf 87' lang='lat' dir='ltr'><strong>dam</strong></span> <span class='ocrx_word' id='word_1_478' title='bbox 612 3582 764 3628; x_wconf 81' lang='lat' dir='ltr'><strong>inesse</strong></span> <span class='ocrx_word' id='word_1_479' title='bbox 786 3577 901 3626; x_wconf 88' lang='lat' dir='ltr'><strong>mihi</strong></span> <span class='ocrx_word' id='word_1_480' title='bbox 925 3579 1127 3629; x_wconf 82' lang='lat' dir='ltr'><strong>videtur.</strong></span> <span class='ocrx_word' id='word_1_481' title='bbox 1193 3579 1288 3627; x_wconf 80' lang='lat' dir='ltr'><strong>Sed</strong></span> <span class='ocrx_word' id='word_1_482' title='bbox 1312 3579 1425 3642; x_wconf 86' lang='lat' dir='ltr'><strong>quid</strong></span> <span class='ocrx_word' id='word_1_483' title='bbox 1450 3580 1642 3627; x_wconf 86' lang='lat' dir='ltr'><strong>tandem</strong></span> <span class='ocrx_word' id='word_1_484' title='bbox 1684 3580 1731 3628; x_wconf 90' lang='lat' dir='ltr'><strong>id</strong></span> <span class='ocrx_word' id='word_1_485' title='bbox 1765 3579 1939 3628; x_wconf 75' lang='lat' dir='ltr'><strong>refert?</strong></span> <span class='ocrx_word' id='word_1_486' title='bbox 1971 3582 2009 3628; x_wconf 82' lang='lat' dir='ltr'><strong>si</strong></span> <span class='ocrx_word' id='word_1_487' title='bbox 2033 3582 2120 3639; x_wconf 83' lang='lat' dir='ltr'><strong>vis,</strong></span> <span class='ocrx_word' id='word_1_488' title='bbox 2158 3588 2262 3629; x_wconf 86' lang='lat' dir='ltr'><strong>esto</strong></span> <span class='ocrx_word' id='word_1_489' title='bbox 2295 3580 2430 3628; x_wconf 83' lang='lat' dir='ltr'><strong>nobis</strong></span> <span class='ocrx_word' id='word_1_490' title='bbox 2452 3579 2676 3629; x_wconf 77' lang='lat' dir='ltr'><strong>sanctitas</strong></span> 
     </span>
     <span class='ocr_line' id='line_1_40' title="bbox 473 3658 2680 3728; baseline -0.002 -17"><span class='ocrx_word' id='word_1_491' title='bbox 473 3663 624 3728; x_wconf 87' lang='lat' dir='ltr'><strong>justa,</strong></span> <span class='ocrx_word' id='word_1_492' title='bbox 644 3669 903 3724; x_wconf 85' lang='lat' dir='ltr'><strong>sanctaque</strong></span> <span class='ocrx_word' id='word_1_493' title='bbox 935 3658 1138 3723; x_wconf 87' lang='lat' dir='ltr'><strong>justitia.</strong></span> <span class='ocrx_word' id='word_1_494' title='bbox 1205 3660 1290 3710; x_wconf 89' lang='lat' dir='ltr'><strong>So.</strong></span> <span class='ocrx_word' id='word_1_495' title='bbox 1326 3659 1470 3708; x_wconf 85' lang='lat' dir='ltr'><strong>Haud</strong></span> <span class='ocrx_word' id='word_1_496' title='bbox 1493 3662 1596 3709; x_wconf 77' lang='lat' dir='ltr'><strong>haec</strong></span> <span class='ocrx_word' id='word_1_497' title='bbox 1625 3660 1846 3723; x_wconf 72' lang='lat' dir='ltr'><strong>admitto,</strong></span> <span class='ocrx_word' id='word_1_498' title='bbox 1884 3661 2157 3725; x_wconf 85' lang='lat' dir='ltr'><strong>Protagora,</strong></span> <span class='ocrx_word' id='word_1_499' title='bbox 2178 3678 2334 3726; x_wconf 89' lang='lat' dir='ltr'><strong>neque</strong></span> <span class='ocrx_word' id='word_1_500' title='bbox 2354 3661 2590 3723; x_wconf 82' lang='lat' dir='ltr'><strong>desidero,</strong></span> <span class='ocrx_word' id='word_1_501' title='bbox 2622 3667 2680 3707; x_wconf 86' lang='lat' dir='ltr'><strong>ut</strong></span> 
     </span>
     <span class='ocr_line' id='line_1_41' title="bbox 481 3740 2684 3806; baseline -0.001 -14"><span class='ocrx_word' id='word_1_502' title='bbox 481 3743 597 3792; x_wconf 85' lang='lat' dir='ltr'><strong>mihi</strong></span> <span class='ocrx_word' id='word_1_503' title='bbox 620 3741 809 3792; x_wconf 88' lang='lat' dir='ltr'><strong>dicatur</strong></span> <span class='ocrx_word' id='word_1_504' title='bbox 831 3741 977 3798; x_wconf 86' lang='lat' dir='ltr'><strong>istud,</strong></span> <span class='ocrx_word' id='word_1_505' title='bbox 994 3741 1032 3788; x_wconf 87' lang='lat' dir='ltr'><strong>si</strong></span> <span class='ocrx_word' id='word_1_506' title='bbox 1053 3740 1143 3798; x_wconf 79' lang='lat' dir='ltr'><strong>vis,</strong></span> <span class='ocrx_word' id='word_1_507' title='bbox 1164 3749 1214 3789; x_wconf 90' lang='lat' dir='ltr'><strong>et</strong></span> <span class='ocrx_word' id='word_1_508' title='bbox 1226 3741 1266 3788; x_wconf 87' lang='lat' dir='ltr'><strong>si</strong></span> <span class='ocrx_word' id='word_1_509' title='bbox 1293 3741 1377 3789; x_wconf 85' lang='lat' dir='ltr'><strong>tibi</strong></span> <span class='ocrx_word' id='word_1_510' title='bbox 1402 3741 1592 3805; x_wconf 82' lang='lat' dir='ltr'><strong>placet:</strong></span> <span class='ocrx_word' id='word_1_511' title='bbox 1626 3743 1710 3789; x_wconf 90' lang='lat' dir='ltr'><strong>sed</strong></span> <span class='ocrx_word' id='word_1_512' title='bbox 1733 3750 1784 3789; x_wconf 86' lang='lat' dir='ltr'><strong>et</strong></span> <span class='ocrx_word' id='word_1_513' title='bbox 1806 3758 1897 3799; x_wconf 85' lang='lat' dir='ltr'><strong>me,</strong></span> <span class='ocrx_word' id='word_1_514' title='bbox 1929 3751 1979 3791; x_wconf 88' lang='lat' dir='ltr'><strong>et</strong></span> <span class='ocrx_word' id='word_1_515' title='bbox 2001 3750 2048 3791; x_wconf 87' lang='lat' dir='ltr'><strong>te</strong></span> <span class='ocrx_word' id='word_1_516' title='bbox 2069 3742 2476 3806; x_wconf 75' lang='lat' dir='ltr'><strong>dicaturrequiro.</strong></span> <span class='ocrx_word' id='word_1_517' title='bbox 2542 3741 2684 3791; x_wconf 80' lang='lat' dir='ltr'><strong>Dico·</strong></span> 
     </span>
     <span class='ocr_line' id='line_1_42' title="bbox 482 3822 2677 3887; baseline -0.001 -14"><span class='ocrx_word' id='word_1_518' title='bbox 482 3830 639 3873; x_wconf 81' lang='lat' dir='ltr'><strong>autem</strong></span> <span class='ocrx_word' id='word_1_519' title='bbox 663 3831 713 3871; x_wconf 90' lang='lat' dir='ltr'><strong>et</strong></span> <span class='ocrx_word' id='word_1_520' title='bbox 735 3838 809 3872; x_wconf 85' lang='lat' dir='ltr'><strong>mc</strong></span> <span class='ocrx_word' id='word_1_521' title='bbox 830 3833 880 3872; x_wconf 86' lang='lat' dir='ltr'><strong>et</strong></span> <span class='ocrx_word' id='word_1_522' title='bbox 903 3830 969 3885; x_wconf 89' lang='lat' dir='ltr'><strong>te,</strong></span> <span class='ocrx_word' id='word_1_523' title='bbox 998 3823 1271 3872; x_wconf 81' lang='lat' dir='ltr'><strong>existimans</strong></span> <span class='ocrx_word' id='word_1_524' title='bbox 1292 3832 1389 3871; x_wconf 89' lang='lat' dir='ltr'><strong>tum</strong></span> <span class='ocrx_word' id='word_1_525' title='bbox 1412 3824 1602 3872; x_wconf 85' lang='lat' dir='ltr'><strong>demum</strong></span> <span class='ocrx_word' id='word_1_526' title='bbox 1625 3832 1752 3872; x_wconf 82' lang='lat' dir='ltr'><strong>recte</strong></span> <span class='ocrx_word' id='word_1_527' title='bbox 1789 3839 2046 3873; x_wconf 83' lang='lat' dir='ltr'><strong>sermonem</strong></span> <span class='ocrx_word' id='word_1_528' title='bbox 2084 3824 2278 3887; x_wconf 82' lang='lat' dir='ltr'><strong>discuti,</strong></span> <span class='ocrx_word' id='word_1_529' title='bbox 2316 3839 2424 3873; x_wconf 87' lang='lat' dir='ltr'><strong>cum</strong></span> <span class='ocrx_word' id='word_1_530' title='bbox 2461 3822 2677 3872; x_wconf 85' lang='lat' dir='ltr'><strong>conditio</strong></span> 
     </span>
     <span class='ocr_line' id='line_1_43' title="bbox 480 3903 2679 3969; baseline 0 -17"><span class='ocrx_word' id='word_1_531' title='bbox 480 3905 593 3966; x_wconf 85' lang='lat' dir='ltr'><strong>ista,</strong></span> <span class='ocrx_word' id='word_1_532' title='bbox 609 3904 683 3966; x_wconf 86' lang='lat' dir='ltr'><strong>Si,</strong></span> <span class='ocrx_word' id='word_1_533' title='bbox 696 3920 755 3952; x_wconf 82' lang='lat' dir='ltr'><strong>ex</strong></span> <span class='ocrx_word' id='word_1_534' title='bbox 775 3919 833 3951; x_wconf 88' lang='lat' dir='ltr'><strong>eo</strong></span> <span class='ocrx_word' id='word_1_535' title='bbox 858 3903 1050 3954; x_wconf 85' lang='lat' dir='ltr'><strong>tollitur.</strong></span> <span class='ocrx_word' id='word_1_536' title='bbox 1117 3904 1281 3954; x_wconf 75' lang='lat' dir='ltr'><strong>Paor.</strong></span> <span class='ocrx_word' id='word_1_537' title='bbox 1314 3904 1568 3953; x_wconf 80' lang='lat' dir='ltr'><strong>Enimvero</strong></span> <span class='ocrx_word' id='word_1_538' title='bbox 1591 3904 1744 3954; x_wconf 88' lang='lat' dir='ltr'><strong>simile</strong></span> <span class='ocrx_word' id='word_1_539' title='bbox 1777 3906 2003 3969; x_wconf 89' lang='lat' dir='ltr'><strong>quiddam</strong></span> <span class='ocrx_word' id='word_1_540' title='bbox 2038 3906 2181 3953; x_wconf 85' lang='lat' dir='ltr'><strong>habet</strong></span> <span class='ocrx_word' id='word_1_541' title='bbox 2209 3904 2398 3968; x_wconf 83' lang='lat' dir='ltr'><strong>justitia</strong></span> <span class='ocrx_word' id='word_1_542' title='bbox 2420 3904 2679 3953; x_wconf 85' lang='lat' dir='ltr'><strong>sanctitati.</strong></span> 
     </span>
     <span class='ocr_line' id='line_1_44' title="bbox 481 3984 2682 4051; baseline 0 -19"><span class='ocrx_word' id='word_1_543' title='bbox 481 3998 592 4032; x_wconf 87' lang='lat' dir='ltr'><strong>nam</strong></span> <span class='ocrx_word' id='word_1_544' title='bbox 615 3984 864 4048; x_wconf 79' lang='lat' dir='ltr'><strong>quodlibet</strong></span> <span class='ocrx_word' id='word_1_545' title='bbox 895 3985 1108 4045; x_wconf 66' lang='lat' dir='ltr'><strong>cuilibet.</strong></span> <span class='ocrx_word' id='word_1_546' title='bbox 1129 3986 1359 4048; x_wconf 84' lang='lat' dir='ltr'><strong>quiddam</strong></span> <span class='ocrx_word' id='word_1_547' title='bbox 1392 3986 1546 4034; x_wconf 86' lang='lat' dir='ltr'><strong>simile</strong></span> <span class='ocrx_word' id='word_1_548' title='bbox 1577 3988 1740 4043; x_wconf 84' lang='lat' dir='ltr'><strong>habet,</strong></span> <span class='ocrx_word' id='word_1_549' title='bbox 1779 3995 1948 4049; x_wconf 70' lang='lat' dir='ltr'><strong>proter</strong></span> <span class='ocrx_word' id='word_1_550' title='bbox 1976 3987 2076 4051; x_wconf 81' lang='lat' dir='ltr'><strong>illa,</strong></span> <span class='ocrx_word' id='word_1_551' title='bbox 2110 4001 2218 4049; x_wconf 72' lang='lat' dir='ltr'><strong>que</strong></span> <span class='ocrx_word' id='word_1_552' title='bbox 2245 3986 2437 4033; x_wconf 88' lang='lat' dir='ltr'><strong>omniuo</strong></span> <span class='ocrx_word' id='word_1_553' title='bbox 2474 3987 2601 4033; x_wconf 82' lang='lat' dir='ltr'><strong>inter</strong></span> <span class='ocrx_word' id='word_1_554' title='bbox 2629 4001 2682 4033; x_wconf 83' lang='lat' dir='ltr'><strong>se</strong></span> 
     </span>
     <span class='ocr_line' id='line_1_45' title="bbox 482 4064 2682 4131; baseline 0 -18"><span class='ocrx_word' id='word_1_555' title='bbox 482 4066 713 4113; x_wconf 82' lang='lat' dir='ltr'><strong>contraria</strong></span> <span class='ocrx_word' id='word_1_556' title='bbox 735 4072 863 4121; x_wconf 89' lang='lat' dir='ltr'><strong>sunt,</strong></span> <span class='ocrx_word' id='word_1_557' title='bbox 885 4073 940 4113; x_wconf 91' lang='lat' dir='ltr'><strong>ut</strong></span> <span class='ocrx_word' id='word_1_558' title='bbox 961 4064 1118 4114; x_wconf 86' lang='lat' dir='ltr'><strong>album</strong></span> <span class='ocrx_word' id='word_1_559' title='bbox 1151 4067 1357 4130; x_wconf 80' lang='lat' dir='ltr'><strong>nigrum,</strong></span> <span class='ocrx_word' id='word_1_560' title='bbox 1391 4068 1533 4115; x_wconf 86' lang='lat' dir='ltr'><strong>molle</strong></span> <span class='ocrx_word' id='word_1_561' title='bbox 1572 4068 1757 4115; x_wconf 89' lang='lat' dir='ltr'><strong>durum.</strong></span> <span class='ocrx_word' id='word_1_562' title='bbox 1823 4065 1976 4131; x_wconf 80' lang='lat' dir='ltr'><strong>Atqui</strong></span> <span class='ocrx_word' id='word_1_563' title='bbox 1998 4076 2047 4114; x_wconf 77' lang='lat' dir='ltr'><strong>et</strong></span> <span class='ocrx_word' id='word_1_564' title='bbox 2069 4067 2165 4124; x_wconf 87' lang='lat' dir='ltr'><strong>illa,</strong></span> <span class='ocrx_word' id='word_1_565' title='bbox 2186 4082 2294 4131; x_wconf 68' lang='lat' dir='ltr'><strong>qum</strong></span> <span class='ocrx_word' id='word_1_566' title='bbox 2315 4082 2455 4129; x_wconf 86' lang='lat' dir='ltr'><strong>supra</strong></span> <span class='ocrx_word' id='word_1_567' title='bbox 2475 4066 2682 4114; x_wconf 73' lang='lat' dir='ltr'><strong>diximus</strong></span> 
     </span>
     <span class='ocr_line' id='line_1_46' title="bbox 485 4143 2692 4211; baseline 0 -17"><span class='ocrx_word' id='word_1_568' title='bbox 485 4143 626 4194; x_wconf 84' lang='lat' dir='ltr'><strong>aliam</strong></span> <span class='ocrx_word' id='word_1_569' title='bbox 648 4153 793 4210; x_wconf 83' lang='lat' dir='ltr'><strong>atque</strong></span> <span class='ocrx_word' id='word_1_570' title='bbox 813 4146 952 4194; x_wconf 87' lang='lat' dir='ltr'><strong>aliam</strong></span> <span class='ocrx_word' id='word_1_571' title='bbox 975 4147 1097 4194; x_wconf 87' lang='lat' dir='ltr'><strong>inter</strong></span> <span class='ocrx_word' id='word_1_572' title='bbox 1117 4162 1167 4195; x_wconf 86' lang='lat' dir='ltr'><strong>se</strong></span> <span class='ocrx_word' id='word_1_573' title='bbox 1189 4149 1361 4196; x_wconf 82' lang='lat' dir='ltr'><strong>habere</strong></span> <span class='ocrx_word' id='word_1_574' title='bbox 1384 4149 1665 4211; x_wconf 84' lang='lat' dir='ltr'><strong>potentiam,</strong></span> <span class='ocrx_word' id='word_1_575' title='bbox 1699 4164 1789 4197; x_wconf 83' lang='lat' dir='ltr'><strong>nec</strong></span> <span class='ocrx_word' id='word_1_576' title='bbox 1825 4148 1917 4197; x_wconf 90' lang='lat' dir='ltr'><strong>tale</strong></span> <span class='ocrx_word' id='word_1_577' title='bbox 1940 4164 2083 4196; x_wconf 89' lang='lat' dir='ltr'><strong>uuum</strong></span> <span class='ocrx_word' id='word_1_578' title='bbox 2118 4164 2241 4211; x_wconf 86' lang='lat' dir='ltr'><strong>esse,</strong></span> <span class='ocrx_word' id='word_1_579' title='bbox 2274 4148 2416 4211; x_wconf 86' lang='lat' dir='ltr'><strong>quale</strong></span> <span class='ocrx_word' id='word_1_580' title='bbox 2435 4155 2508 4195; x_wconf 62' lang='lat' dir='ltr'><strong>est</strong></span> <span class='ocrx_word' id='word_1_581' title='bbox 2528 4144 2692 4204; x_wconf 66' lang='lat' dir='ltr'><strong>aliud,</strong></span> 
     </span>
     <span class='ocr_line' id='line_1_47' title="bbox 484 4225 2682 4291; baseline 0 -17"><span class='ocrx_word' id='word_1_582' title='bbox 484 4241 574 4274; x_wconf 86' lang='lat' dir='ltr'><strong>ceu</strong></span> <span class='ocrx_word' id='word_1_583' title='bbox 595 4226 753 4274; x_wconf 77' lang='lat' dir='ltr'><strong>vultus</strong></span> <span class='ocrx_word' id='word_1_584' title='bbox 773 4225 921 4289; x_wconf 80' lang='lat' dir='ltr'><strong>ipsius</strong></span> <span class='ocrx_word' id='word_1_585' title='bbox 941 4235 1115 4290; x_wconf 78' lang='lat' dir='ltr'><strong>partes,</strong></span> <span class='ocrx_word' id='word_1_586' title='bbox 1136 4228 1361 4291; x_wconf 84' lang='lat' dir='ltr'><strong>quiddam</strong></span> <span class='ocrx_word' id='word_1_587' title='bbox 1385 4229 1537 4277; x_wconf 84' lang='lat' dir='ltr'><strong>simile</strong></span> <span class='ocrx_word' id='word_1_588' title='bbox 1574 4230 1695 4278; x_wconf 88' lang='lat' dir='ltr'><strong>iuter</strong></span> <span class='ocrx_word' id='word_1_589' title='bbox 1721 4245 1775 4278; x_wconf 92' lang='lat' dir='ltr'><strong>se</strong></span> <span class='ocrx_word' id='word_1_590' title='bbox 1797 4230 1989 4285; x_wconf 67' lang='lat' dir='ltr'><strong>liabent,</strong></span> <span class='ocrx_word' id='word_1_591' title='bbox 2029 4238 2194 4291; x_wconf 89' lang='lat' dir='ltr'><strong>estque</strong></span> <span class='ocrx_word' id='word_1_592' title='bbox 2215 4227 2564 4291; x_wconf 87' lang='lat' dir='ltr'><strong>quodammodo</strong></span> <span class='ocrx_word' id='word_1_593' title='bbox 2589 4227 2682 4275; x_wconf 87' lang='lat' dir='ltr'><strong>tale</strong></span> 
     </span>
     <span class='ocr_line' id='line_1_48' title="bbox 486 4307 2684 4372; baseline 0 -17"><span class='ocrx_word' id='word_1_594' title='bbox 486 4323 654 4372; x_wconf 89' lang='lat' dir='ltr'><strong>unum,</strong></span> <span class='ocrx_word' id='word_1_595' title='bbox 689 4309 831 4372; x_wconf 89' lang='lat' dir='ltr'><strong>quale</strong></span> <span class='ocrx_word' id='word_1_596' title='bbox 869 4314 919 4355; x_wconf 87' lang='lat' dir='ltr'><strong>et</strong></span> <span class='ocrx_word' id='word_1_597' title='bbox 957 4308 1105 4358; x_wconf 87' lang='lat' dir='ltr'><strong>aliud.</strong></span> <span class='ocrx_word' id='word_1_598' title='bbox 1170 4310 1330 4372; x_wconf 73' lang='lat' dir='ltr'><strong>Atque</strong></span> <span class='ocrx_word' id='word_1_599' title='bbox 1370 4311 1457 4359; x_wconf 81' lang='lat' dir='ltr'><strong>hac</strong></span> <span class='ocrx_word' id='word_1_600' title='bbox 1497 4311 1680 4360; x_wconf 85' lang='lat' dir='ltr'><strong>ratione</strong></span> <span class='ocrx_word' id='word_1_601' title='bbox 1723 4311 1836 4360; x_wconf 78' lang='lat' dir='ltr'><strong>licet</strong></span> <span class='ocrx_word' id='word_1_602' title='bbox 1873 4311 1974 4358; x_wconf 74' lang='lat' dir='ltr'><strong>hoec</strong></span> <span class='ocrx_word' id='word_1_603' title='bbox 2010 4309 2211 4365; x_wconf 77' lang='lat' dir='ltr'><strong>refellas,</strong></span> <span class='ocrx_word' id='word_1_604' title='bbox 2255 4309 2296 4356; x_wconf 87' lang='lat' dir='ltr'><strong>si</strong></span> <span class='ocrx_word' id='word_1_605' title='bbox 2332 4308 2507 4371; x_wconf 79' lang='lat' dir='ltr'><strong>placet,</strong></span> <span class='ocrx_word' id='word_1_606' title='bbox 2550 4307 2684 4370; x_wconf 91' lang='lat' dir='ltr'><strong>quod</strong></span> 
     </span>
     <span class='ocr_line' id='line_1_49' title="bbox 486 4386 2684 4455; baseline -0.001 -18"><span class='ocrx_word' id='word_1_607' title='bbox 486 4398 661 4438; x_wconf 84' lang='lat' dir='ltr'><strong>cuncta</strong></span> <span class='ocrx_word' id='word_1_608' title='bbox 682 4389 881 4438; x_wconf 82' lang='lat' dir='ltr'><strong>invicem</strong></span> <span class='ocrx_word' id='word_1_609' title='bbox 897 4387 1065 4435; x_wconf 85' lang='lat' dir='ltr'><strong>similia</strong></span> <span class='ocrx_word' id='word_1_610' title='bbox 1085 4387 1213 4437; x_wconf 86' lang='lat' dir='ltr'><strong>sint:</strong></span> <span class='ocrx_word' id='word_1_611' title='bbox 1248 4404 1345 4438; x_wconf 87' lang='lat' dir='ltr'><strong>nou</strong></span> <span class='ocrx_word' id='word_1_612' title='bbox 1369 4400 1528 4440; x_wconf 87' lang='lat' dir='ltr'><strong>tamen</strong></span> <span class='ocrx_word' id='word_1_613' title='bbox 1549 4404 1847 4455; x_wconf 69' lang='lat' dir='ltr'><strong>quecunque</strong></span> <span class='ocrx_word' id='word_1_614' title='bbox 1861 4390 2013 4439; x_wconf 82' lang='lat' dir='ltr'><strong>simile</strong></span> <span class='ocrx_word' id='word_1_615' title='bbox 2030 4389 2254 4453; x_wconf 82' lang='lat' dir='ltr'><strong>quiddam</strong></span> <span class='ocrx_word' id='word_1_616' title='bbox 2278 4388 2472 4445; x_wconf 81' lang='lat' dir='ltr'><strong>habent,</strong></span> <span class='ocrx_word' id='word_1_617' title='bbox 2510 4386 2684 4435; x_wconf 86' lang='lat' dir='ltr'><strong>similia</strong></span> 
     </span>
     <span class='ocr_line' id='line_1_50' title="bbox 484 4468 2687 4539; baseline -0 -22"><span class='ocrx_word' id='word_1_618' title='bbox 484 4473 699 4520; x_wconf 79' lang='lat' dir='ltr'><strong>vocanda</strong></span> <span class='ocrx_word' id='word_1_619' title='bbox 714 4478 825 4521; x_wconf 84' lang='lat' dir='ltr'><strong>sunt</strong></span> <span class='ocrx_word' id='word_1_620' title='bbox 842 4486 860 4534; x_wconf 72' lang='lat'>3</span> <span class='ocrx_word' id='word_1_621' title='bbox 891 4483 1046 4534; x_wconf 81' lang='lat' dir='ltr'><strong>neque</strong></span> <span class='ocrx_word' id='word_1_622' title='bbox 1065 4469 1210 4520; x_wconf 84' lang='lat' dir='ltr'><strong>etiam</strong></span> <span class='ocrx_word' id='word_1_623' title='bbox 1230 4486 1530 4539; x_wconf 66' lang='lat' dir='ltr'><strong>quocunque</strong></span> <span class='ocrx_word' id='word_1_624' title='bbox 1564 4471 1791 4524; x_wconf 81' lang='lat' dir='ltr'><strong>dissimile</strong></span> <span class='ocrx_word' id='word_1_625' title='bbox 1825 4472 2069 4536; x_wconf 84' lang='lat' dir='ltr'><strong>quiddam,</strong></span> <span class='ocrx_word' id='word_1_626' title='bbox 2106 4470 2310 4520; x_wconf 80' lang='lat' dir='ltr'><strong>invicem</strong></span> <span class='ocrx_word' id='word_1_627' title='bbox 2343 4468 2610 4526; x_wconf 85' lang='lat' dir='ltr'><strong>dissimilia,</strong></span> <span class='ocrx_word' id='word_1_628' title='bbox 2645 4468 2687 4516; x_wconf 79' lang='lat' dir='ltr'><strong>si</strong></span> 
     </span>
    </p>
   </div>
  </div>
 </body>
</html>
