<?xml version="1.0" encoding="UTF-8"?>
<!DOCTYPE html PUBLIC "-//W3C//DTD XHTML 1.0 Transitional//EN"
    "http://www.w3.org/TR/xhtml1/DTD/xhtml1-transitional.dtd">
<html xmlns="http://www.w3.org/1999/xhtml" xml:lang="en" lang="en">
 <head>
  <title>
</title>
<meta http-equiv="Content-Type" content="text/html;charset=utf-8" />
  <meta name='ocr-system' content='tesseract 3.04.00' />
  <meta name='ocr-capabilities' content='ocr_page ocr_carea ocr_par ocr_line ocrx_word'/>
</head>
<body>
  <div class='ocr_page' id='page_1' title='image "./platonisetquaev05unkngoog_0257.png"; bbox 0 0 2917 4975; ppageno 0'>
   <div class='ocr_carea' id='block_1_1' title="bbox 171 421 2334 500">
    <p class='ocr_par' dir='ltr' id='par_1_1' title="bbox 171 421 2334 500">
     <span class='ocr_line' id='line_1_1' title="bbox 171 421 2334 500; baseline 0.003 -20"><span class='ocrx_word' id='word_1_1' title='bbox 171 421 301 500; x_wconf 72' lang='lat'>145}</span> <span class='ocrx_word' id='word_1_2' title='bbox 763 422 1164 486; x_wconf 83' lang='lat' dir='ltr'>PLATONIS</span> <span class='ocrx_word' id='word_1_3' title='bbox 1204 423 1731 490; x_wconf 86' lang='lat' dir='ltr'><strong>THEAETETUS.</strong></span> <span class='ocrx_word' id='word_1_4' title='bbox 2213 429 2334 487; x_wconf 84' lang='lat'>233</span> 
     </span>
    </p>
   </div>
   <div class='ocr_carea' id='block_1_2' title="bbox 114 577 2362 4592">
    <p class='ocr_par' dir='ltr' id='par_1_2' title="bbox 114 577 2362 4592">
     <span class='ocr_line' id='line_1_2' title="bbox 154 577 2326 648; baseline 0.003 -22"><span class='ocrx_word' id='word_1_5' title='bbox 154 577 391 637; x_wconf 67' lang='lat' dir='ltr'>steodore,</span> <span class='ocrx_word' id='word_1_6' title='bbox 412 594 506 645; x_wconf 78' lang='lat' dir='ltr'>prae</span> <span class='ocrx_word' id='word_1_7' title='bbox 528 580 692 630; x_wconf 75' lang='lat' dir='ltr'>ceteris</span> <span class='ocrx_word' id='word_1_8' title='bbox 723 595 848 630; x_wconf 66' lang='lat' dir='ltr'>curn</span> <span class='ocrx_word' id='word_1_9' title='bbox 870 581 986 631; x_wconf 84' lang='lat' dir='ltr'>mihi</span> <span class='ocrx_word' id='word_1_10' title='bbox 1019 584 1194 640; x_wconf 70' lang='lat' dir='ltr'>essent,</span> <span class='ocrx_word' id='word_1_11' title='bbox 1214 596 1325 647; x_wconf 67' lang='lat' dir='ltr'>quas</span> <span class='ocrx_word' id='word_1_12' title='bbox 1361 583 1423 631; x_wconf 83' lang='lat' dir='ltr'>ad</span> <span class='ocrx_word' id='word_1_13' title='bbox 1457 596 1541 631; x_wconf 82' lang='lat' dir='ltr'>eos</span> <span class='ocrx_word' id='word_1_14' title='bbox 1574 588 1791 648; x_wconf 82' lang='lat' dir='ltr'>spectant</span> <span class='ocrx_word' id='word_1_15' title='bbox 1824 584 1909 643; x_wconf 77' lang='lat' dir='ltr'>abs</span> <span class='ocrx_word' id='word_1_16' title='bbox 1943 582 1991 633; x_wconf 83' lang='lat' dir='ltr'>te</span> <span class='ocrx_word' id='word_1_17' title='bbox 2029 583 2326 648; x_wconf 72' lang='lat' dir='ltr'>potissimum</span> 
     </span>
     <span class='ocr_line' id='line_1_3' title="bbox 157 659 2331 730; baseline 0.002 -22"><span class='ocrx_word' id='word_1_18' title='bbox 157 659 431 724; x_wconf 69' lang='lat' dir='ltr'>exquirerem,</span> <span class='ocrx_word' id='word_1_19' title='bbox 452 662 493 711; x_wconf 83' lang='lat' dir='ltr'>si</span> <span class='ocrx_word' id='word_1_20' title='bbox 514 662 598 728; x_wconf 88' lang='lat' dir='ltr'>qui</span> <span class='ocrx_word' id='word_1_21' title='bbox 635 662 730 711; x_wconf 86' lang='lat' dir='ltr'>illic</span> <span class='ocrx_word' id='word_1_22' title='bbox 752 661 957 727; x_wconf 83' lang='lat' dir='ltr'>juvenes</span> <span class='ocrx_word' id='word_1_23' title='bbox 976 664 1243 727; x_wconf 63' lang='lat' dir='ltr'>geometriae</span> <span class='ocrx_word' id='word_1_24' title='bbox 1281 671 1366 712; x_wconf 87' lang='lat' dir='ltr'>aut</span> <span class='ocrx_word' id='word_1_25' title='bbox 1396 663 1533 712; x_wconf 86' lang='lat' dir='ltr'>alteri</span> <span class='ocrx_word' id='word_1_26' title='bbox 1574 666 1887 730; x_wconf 58' lang='lat' dir='ltr'>philosophias</span> <span class='ocrx_word' id='word_1_27' title='bbox 1919 667 2077 713; x_wconf 81' lang='lat' dir='ltr'>studio</span> <span class='ocrx_word' id='word_1_28' title='bbox 2109 666 2331 713; x_wconf 79' lang='lat' dir='ltr'><strong>ardenter</strong></span> 
     </span>
     <span class='ocr_line' id='line_1_4' title="bbox 150 740 2328 812; baseline 0.001 -23"><span class='ocrx_word' id='word_1_29' title='bbox 150 740 460 792; x_wconf 78' lang='lat' dir='ltr'>incumberent.</span> <span class='ocrx_word' id='word_1_30' title='bbox 523 742 669 792; x_wconf 85' lang='lat' dir='ltr'>Nunc</span> <span class='ocrx_word' id='word_1_31' title='bbox 705 752 863 792; x_wconf 84' lang='lat' dir='ltr'>autem</span> <span class='ocrx_word' id='word_1_32' title='bbox 898 744 1046 809; x_wconf 77' lang='lat' dir='ltr'>magis</span> <span class='ocrx_word' id='word_1_33' title='bbox 1084 753 1272 794; x_wconf 83' lang='lat' dir='ltr'>nostros</span> <span class='ocrx_word' id='word_1_34' title='bbox 1307 760 1451 810; x_wconf 85' lang='lat' dir='ltr'>quam</span> <span class='ocrx_word' id='word_1_35' title='bbox 1493 745 1601 795; x_wconf 88' lang='lat' dir='ltr'>illos</span> <span class='ocrx_word' id='word_1_36' title='bbox 1638 763 1762 806; x_wconf 85' lang='lat' dir='ltr'>amo,</span> <span class='ocrx_word' id='word_1_37' title='bbox 1783 747 2036 812; x_wconf 86' lang='lat' dir='ltr'>potiusque</span> <span class='ocrx_word' id='word_1_38' title='bbox 2060 746 2328 809; x_wconf 80' lang='lat' dir='ltr'>intelligere</span> 
     </span>
     <span class='ocr_line' id='line_1_5' title="bbox 151 821 2326 892; baseline 0.001 -23"><span class='ocrx_word' id='word_1_39' title='bbox 151 821 290 885; x_wconf 77' lang='lat' dir='ltr'>cupio,</span> <span class='ocrx_word' id='word_1_40' title='bbox 310 823 495 888; x_wconf 86' lang='lat' dir='ltr'>quinam</span> <span class='ocrx_word' id='word_1_41' title='bbox 516 841 545 873; x_wconf 86' lang='lat' dir='ltr'>e</span> <span class='ocrx_word' id='word_1_42' title='bbox 566 824 737 873; x_wconf 86' lang='lat' dir='ltr'>nostris</span> <span class='ocrx_word' id='word_1_43' title='bbox 753 824 1012 889; x_wconf 80' lang='lat' dir='ltr'>juvenibus</span> <span class='ocrx_word' id='word_1_44' title='bbox 1033 825 1084 873; x_wconf 89' lang='lat' dir='ltr'>in</span> <span class='ocrx_word' id='word_1_45' title='bbox 1104 825 1229 874; x_wconf 81' lang='lat' dir='ltr'>viros</span> <span class='ocrx_word' id='word_1_46' title='bbox 1250 827 1424 892; x_wconf 87' lang='lat' dir='ltr'>probos</span> <span class='ocrx_word' id='word_1_47' title='bbox 1460 827 1644 875; x_wconf 83' lang='lat' dir='ltr'>evasuri</span> <span class='ocrx_word' id='word_1_48' title='bbox 1680 829 1846 875; x_wconf 87' lang='lat' dir='ltr'>merito</span> <span class='ocrx_word' id='word_1_49' title='bbox 1870 828 2137 876; x_wconf 85' lang='lat' dir='ltr'>videantur.</span> <span class='ocrx_word' id='word_1_50' title='bbox 2204 822 2326 873; x_wconf 79' lang='lat' dir='ltr'>Haec</span> 
     </span>
     <span class='ocr_line' id='line_1_6' title="bbox 150 901 2338 972; baseline 0.003 -23"><span class='ocrx_word' id='word_1_51' title='bbox 150 901 238 965; x_wconf 80' lang='lat' dir='ltr'>ipse</span> <span class='ocrx_word' id='word_1_52' title='bbox 256 919 336 966; x_wconf 86' lang='lat' dir='ltr'>pro</span> <span class='ocrx_word' id='word_1_53' title='bbox 356 905 525 953; x_wconf 76' lang='lat' dir='ltr'>viribus</span> <span class='ocrx_word' id='word_1_54' title='bbox 546 920 731 970; x_wconf 89' lang='lat' dir='ltr'>semper</span> <span class='ocrx_word' id='word_1_55' title='bbox 745 906 957 970; x_wconf 82' lang='lat' dir='ltr'>exploro,</span> <span class='ocrx_word' id='word_1_56' title='bbox 979 915 1028 955; x_wconf 90' lang='lat' dir='ltr'>et</span> <span class='ocrx_word' id='word_1_57' title='bbox 1050 907 1110 954; x_wconf 83' lang='lat' dir='ltr'>ab</span> <span class='ocrx_word' id='word_1_58' title='bbox 1132 906 1253 966; x_wconf 87' lang='lat' dir='ltr'>a&#39;liis,</span> <span class='ocrx_word' id='word_1_59' title='bbox 1274 908 1334 955; x_wconf 82' lang='lat' dir='ltr'>ad</span> <span class='ocrx_word' id='word_1_60' title='bbox 1367 922 1489 972; x_wconf 88' lang='lat' dir='ltr'>quos</span> <span class='ocrx_word' id='word_1_61' title='bbox 1517 907 1718 972; x_wconf 84' lang='lat' dir='ltr'>juvenes</span> <span class='ocrx_word' id='word_1_62' title='bbox 1753 909 1992 958; x_wconf 86' lang='lat' dir='ltr'>confluere</span> <span class='ocrx_word' id='word_1_63' title='bbox 2016 909 2173 965; x_wconf 75' lang='lat' dir='ltr'>video,</span> <span class='ocrx_word' id='word_1_64' title='bbox 2195 916 2338 970; x_wconf 73' lang='lat' dir='ltr'>saepe&#39;</span> 
     </span>
     <span class='ocr_line' id='line_1_7' title="bbox 149 986 2342 1053; baseline 0.001 -21"><span class='ocrx_word' id='word_1_65' title='bbox 149 990 385 1045; x_wconf 75' lang='lat' dir='ltr'>percontor.</span> <span class='ocrx_word' id='word_1_66' title='bbox 448 986 520 1034; x_wconf 85' lang='lat' dir='ltr'>Te</span> <span class='ocrx_word' id='word_1_67' title='bbox 554 995 711 1036; x_wconf 87' lang='lat' dir='ltr'>autem</span> <span class='ocrx_word' id='word_1_68' title='bbox 746 1003 843 1035; x_wconf 91' lang='lat' dir='ltr'>non</span> <span class='ocrx_word' id='word_1_69' title='bbox 885 987 1026 1052; x_wconf 84' lang='lat' dir='ltr'>pauci</span> <span class='ocrx_word' id='word_1_70' title='bbox 1059 996 1333 1050; x_wconf 58' lang='lat' dir='ltr'>sectantum</span> <span class='ocrx_word' id='word_1_71' title='bbox 1365 996 1416 1038; x_wconf 84' lang='lat' dir='ltr'>et</span> <span class='ocrx_word' id='word_1_72' title='bbox 1454 990 1637 1039; x_wconf 87' lang='lat' dir='ltr'>merito.</span> <span class='ocrx_word' id='word_1_73' title='bbox 1670 1006 1778 1038; x_wconf 88' lang='lat' dir='ltr'>nam</span> <span class='ocrx_word' id='word_1_74' title='bbox 1814 999 1864 1039; x_wconf 87' lang='lat' dir='ltr'>et</span> <span class='ocrx_word' id='word_1_75' title='bbox 1886 990 2082 1038; x_wconf 88' lang='lat' dir='ltr'>aliorum</span> <span class='ocrx_word' id='word_1_76' title='bbox 2107 988 2256 1053; x_wconf 77' lang='lat' dir='ltr'>gratIa</span> <span class='ocrx_word' id='word_1_77' title='bbox 2277 992 2342 1035; x_wconf 74' lang='lat' dir='ltr'>et·</span> 
     </span>
     <span class='ocr_line' id='line_1_8' title="bbox 153 1065 2327 1135; baseline 0.001 -24"><span class='ocrx_word' id='word_1_78' title='bbox 153 1065 394 1125; x_wconf 66' lang='lat' dir='ltr'>geometria</span> <span class='ocrx_word' id='word_1_79' title='bbox 415 1066 617 1116; x_wconf 84' lang='lat' dir='ltr'>maxime</span> <span class='ocrx_word' id='word_1_80' title='bbox 637 1084 869 1117; x_wconf 76' lang='lat' dir='ltr'>concursu</span> <span class='ocrx_word' id='word_1_81' title='bbox 906 1068 1079 1133; x_wconf 78' lang='lat' dir='ltr'>dignus</span> <span class='ocrx_word' id='word_1_82' title='bbox 1114 1084 1214 1117; x_wconf 86' lang='lat' dir='ltr'>esse</span> <span class='ocrx_word' id='word_1_83' title='bbox 1238 1069 1425 1117; x_wconf 81' lang='lat' dir='ltr'>videris.</span> <span class='ocrx_word' id='word_1_84' title='bbox 1491 1069 1540 1116; x_wconf 87' lang='lat' dir='ltr'>Si</span> <span class='ocrx_word' id='word_1_85' title='bbox 1563 1086 1699 1133; x_wconf 85' lang='lat' dir='ltr'>quem</span> <span class='ocrx_word' id='word_1_86' title='bbox 1725 1069 1867 1135; x_wconf 81' lang='lat' dir='ltr'>igitur</span> <span class='ocrx_word' id='word_1_87' title='bbox 1887 1078 2054 1118; x_wconf 85' lang='lat' dir='ltr'>nactus</span> <span class='ocrx_word' id='word_1_88' title='bbox 2077 1085 2128 1117; x_wconf 92' lang='lat' dir='ltr'>es</span> <span class='ocrx_word' id='word_1_89' title='bbox 2151 1083 2327 1116; x_wconf 89' lang='lat' dir='ltr'>memo·</span> 
     </span>
     <span class='ocr_line' id='line_1_9' title="bbox 144 1143 2327 1215; baseline 0.003 -26"><span class='ocrx_word' id='word_1_90' title='bbox 144 1149 231 1191; x_wconf 79' lang='lat' dir='ltr'>ratu</span> <span class='ocrx_word' id='word_1_91' title='bbox 251 1143 457 1210; x_wconf 83' lang='lat' dir='ltr'>dignum,</span> <span class='ocrx_word' id='word_1_92' title='bbox 481 1148 681 1198; x_wconf 74' lang='lat' dir='ltr'><strong>libenter</strong></span> <span class='ocrx_word' id='word_1_93' title='bbox 695 1149 926 1198; x_wconf 85' lang='lat' dir='ltr'>audirem.</span> <span class='ocrx_word' id='word_1_94' title='bbox 991 1149 1155 1197; x_wconf 71' lang='lat' dir='ltr'>Tnao.</span> <span class='ocrx_word' id='word_1_95' title='bbox 1190 1149 1360 1215; x_wconf 85' lang='lat' dir='ltr'>Atqui,</span> <span class='ocrx_word' id='word_1_96' title='bbox 1383 1166 1414 1197; x_wconf 93' lang='lat' dir='ltr'>o</span> <span class='ocrx_word' id='word_1_97' title='bbox 1448 1150 1681 1206; x_wconf 74' lang='lat' dir='ltr'>Socrates,</span> <span class='ocrx_word' id='word_1_98' title='bbox 1704 1160 1755 1199; x_wconf 89' lang='lat' dir='ltr'>et</span> <span class='ocrx_word' id='word_1_99' title='bbox 1789 1167 1863 1199; x_wconf 88' lang='lat' dir='ltr'>me</span> <span class='ocrx_word' id='word_1_100' title='bbox 1887 1150 2053 1198; x_wconf 74' lang='lat' dir='ltr'>referre</span> <span class='ocrx_word' id='word_1_101' title='bbox 2076 1161 2126 1197; x_wconf 86' lang='lat' dir='ltr'>et</span> <span class='ocrx_word' id='word_1_102' title='bbox 2146 1158 2195 1197; x_wconf 88' lang='lat' dir='ltr'>te</span> <span class='ocrx_word' id='word_1_103' title='bbox 2216 1164 2327 1196; x_wconf 87' lang='lat' dir='ltr'>aus·</span> 
     </span>
     <span class='ocr_line' id='line_1_10' title="bbox 146 1223 2323 1294; baseline 0.003 -23"><span class='ocrx_word' id='word_1_104' title='bbox 146 1223 302 1273; x_wconf 78' lang='lat' dir='ltr'>culture</span> <span class='ocrx_word' id='word_1_105' title='bbox 339 1227 497 1285; x_wconf 86' lang='lat' dir='ltr'>decet,</span> <span class='ocrx_word' id='word_1_106' title='bbox 520 1229 708 1293; x_wconf 86' lang='lat' dir='ltr'>qualem</span> <span class='ocrx_word' id='word_1_107' title='bbox 740 1245 768 1277; x_wconf 92' lang='lat' dir='ltr'>e</span> <span class='ocrx_word' id='word_1_108' title='bbox 791 1231 958 1277; x_wconf 79' lang='lat' dir='ltr'>vestris</span> <span class='ocrx_word' id='word_1_109' title='bbox 993 1229 1176 1278; x_wconf 80' lang='lat' dir='ltr'>civibus</span> <span class='ocrx_word' id='word_1_110' title='bbox 1208 1230 1561 1279; x_wconf 74' lang='lat' dir='ltr'><strong>adolescentem</strong></span> <span class='ocrx_word' id='word_1_111' title='bbox 1600 1229 1878 1281; x_wconf 84' lang='lat' dir='ltr'>invenerim.</span> <span class='ocrx_word' id='word_1_112' title='bbox 1911 1230 1993 1294; x_wconf 87' lang='lat' dir='ltr'>qui</span> <span class='ocrx_word' id='word_1_113' title='bbox 2032 1228 2071 1278; x_wconf 86' lang='lat' dir='ltr'>si</span> <span class='ocrx_word' id='word_1_114' title='bbox 2095 1231 2323 1277; x_wconf 77' lang='lat' dir='ltr'>formosus</span> 
     </span>
     <span class='ocr_line' id='line_1_11' title="bbox 142 1306 2327 1375; baseline 0.002 -22"><span class='ocrx_word' id='word_1_115' title='bbox 142 1312 265 1364; x_wconf 63' lang='lat' dir='ltr'>met,</span> <span class='ocrx_word' id='word_1_116' title='bbox 284 1306 473 1357; x_wconf 88' lang='lat' dir='ltr'>laudare</span> <span class='ocrx_word' id='word_1_117' title='bbox 497 1308 630 1357; x_wconf 88' lang='lat' dir='ltr'>illum</span> <span class='ocrx_word' id='word_1_118' title='bbox 650 1322 846 1363; x_wconf 79' lang='lat' dir='ltr'>vererer,</span> <span class='ocrx_word' id='word_1_119' title='bbox 871 1324 932 1356; x_wconf 90' lang='lat' dir='ltr'>ne</span> <span class='ocrx_word' id='word_1_120' title='bbox 954 1308 1032 1357; x_wconf 86' lang='lat' dir='ltr'>cui</span> <span class='ocrx_word' id='word_1_121' title='bbox 1050 1309 1207 1356; x_wconf 74' lang='lat' dir='ltr'>forsan</span> <span class='ocrx_word' id='word_1_122' title='bbox 1229 1309 1358 1357; x_wconf 87' lang='lat' dir='ltr'>illius</span> <span class='ocrx_word' id='word_1_123' title='bbox 1380 1324 1535 1357; x_wconf 83' lang='lat' dir='ltr'>amore</span> <span class='ocrx_word' id='word_1_124' title='bbox 1557 1319 1726 1375; x_wconf 85' lang='lat' dir='ltr'>captus</span> <span class='ocrx_word' id='word_1_125' title='bbox 1747 1310 1891 1358; x_wconf 80' lang='lat' dir='ltr'>videri</span> <span class='ocrx_word' id='word_1_126' title='bbox 1911 1325 2115 1373; x_wconf 81' lang='lat' dir='ltr'>possem.</span> <span class='ocrx_word' id='word_1_127' title='bbox 2179 1308 2327 1358; x_wconf 86' lang='lat' dir='ltr'>Nunc</span> 
     </span>
     <span class='ocr_line' id='line_1_12' title="bbox 143 1387 2328 1455; baseline 0.001 -23"><span class='ocrx_word' id='word_1_128' title='bbox 143 1392 280 1433; x_wconf 76' lang='lat' dir='ltr'>autem</span> <span class='ocrx_word' id='word_1_129' title='bbox 301 1402 363 1436; x_wconf 89' lang='lat' dir='ltr'>ne</span> <span class='ocrx_word' id='word_1_130' title='bbox 382 1387 499 1437; x_wconf 84' lang='lat' dir='ltr'>mihi</span> <span class='ocrx_word' id='word_1_131' title='bbox 521 1398 803 1437; x_wconf 68' lang='lat' dir='ltr'>succenseas</span> <span class='ocrx_word' id='word_1_132' title='bbox 823 1403 983 1452; x_wconf 88' lang='lat' dir='ltr'>neque</span> <span class='ocrx_word' id='word_1_133' title='bbox 1022 1388 1209 1436; x_wconf 81' lang='lat' dir='ltr'>turbes:</span> <span class='ocrx_word' id='word_1_134' title='bbox 1246 1404 1343 1437; x_wconf 90' lang='lat' dir='ltr'>non</span> <span class='ocrx_word' id='word_1_135' title='bbox 1381 1390 1510 1437; x_wconf 86' lang='lat' dir='ltr'>enim</span> <span class='ocrx_word' id='word_1_136' title='bbox 1545 1398 1616 1438; x_wconf 90' lang='lat' dir='ltr'>est</span> <span class='ocrx_word' id='word_1_137' title='bbox 1648 1390 1856 1455; x_wconf 76' lang='lat' dir='ltr'><strong>pulcher.</strong></span> <span class='ocrx_word' id='word_1_138' title='bbox 1921 1390 2096 1438; x_wconf 80' lang='lat' dir='ltr'>Similis</span> <span class='ocrx_word' id='word_1_139' title='bbox 2130 1388 2214 1436; x_wconf 82' lang='lat' dir='ltr'>tibi</span> <span class='ocrx_word' id='word_1_140' title='bbox 2235 1396 2328 1450; x_wconf 86' lang='lat' dir='ltr'>est,</span> 
     </span>
     <span class='ocr_line' id='line_1_13' title="bbox 141 1463 2330 1534; baseline 0.002 -23"><span class='ocrx_word' id='word_1_141' title='bbox 141 1463 243 1512; x_wconf 77' lang='lat' dir='ltr'>simo</span> <span class='ocrx_word' id='word_1_142' title='bbox 263 1483 376 1515; x_wconf 86' lang='lat' dir='ltr'>naso</span> <span class='ocrx_word' id='word_1_143' title='bbox 398 1476 449 1516; x_wconf 91' lang='lat' dir='ltr'>et</span> <span class='ocrx_word' id='word_1_144' title='bbox 470 1468 845 1531; x_wconf 77' lang='lat' dir='ltr'><strong>prominentibus</strong></span> <span class='ocrx_word' id='word_1_145' title='bbox 867 1467 1016 1516; x_wconf 85' lang='lat' dir='ltr'>oculis</span> <span class='ocrx_word' id='word_1_146' title='bbox 1036 1485 1049 1515; x_wconf 87' lang='lat'>=</span> <span class='ocrx_word' id='word_1_147' title='bbox 1084 1468 1301 1532; x_wconf 77' lang='lat' dir='ltr'>quamvis</span> <span class='ocrx_word' id='word_1_148' title='bbox 1336 1470 1496 1517; x_wconf 88' lang='lat' dir='ltr'>minus</span> <span class='ocrx_word' id='word_1_149' title='bbox 1525 1469 1610 1517; x_wconf 86' lang='lat' dir='ltr'>ille</span> <span class='ocrx_word' id='word_1_150' title='bbox 1630 1485 1771 1534; x_wconf 86' lang='lat' dir='ltr'>quam</span> <span class='ocrx_word' id='word_1_151' title='bbox 1790 1476 1841 1516; x_wconf 91' lang='lat' dir='ltr'>tu</span> <span class='ocrx_word' id='word_1_152' title='bbox 1861 1468 1915 1516; x_wconf 89' lang='lat' dir='ltr'>in</span> <span class='ocrx_word' id='word_1_153' title='bbox 1936 1469 2011 1515; x_wconf 86' lang='lat' dir='ltr'>his</span> <span class='ocrx_word' id='word_1_154' title='bbox 2031 1469 2226 1516; x_wconf 88' lang='lat' dir='ltr'>modum</span> <span class='ocrx_word' id='word_1_155' title='bbox 2247 1483 2330 1515; x_wconf 80' lang='lat' dir='ltr'>ex-</span> 
     </span>
     <span class='ocr_line' id='line_1_14' title="bbox 138 1546 2331 1613; baseline 0 -18"><span class='ocrx_word' id='word_1_156' title='bbox 138 1546 292 1595; x_wconf 72' lang='lat' dir='ltr'>cedat:</span> <span class='ocrx_word' id='word_1_157' title='bbox 327 1549 473 1596; x_wconf 85' lang='lat' dir='ltr'>libere</span> <span class='ocrx_word' id='word_1_158' title='bbox 509 1555 666 1597; x_wconf 87' lang='lat' dir='ltr'>tecum</span> <span class='ocrx_word' id='word_1_159' title='bbox 702 1547 849 1612; x_wconf 75' lang='lat'><strong>[144]</strong></span> <span class='ocrx_word' id='word_1_160' title='bbox 886 1548 1087 1612; x_wconf 77' lang='lat' dir='ltr'>loquorz</span> <span class='ocrx_word' id='word_1_161' title='bbox 1120 1548 1238 1597; x_wconf 84' lang='lat' dir='ltr'>scito</span> <span class='ocrx_word' id='word_1_162' title='bbox 1274 1548 1324 1596; x_wconf 89' lang='lat' dir='ltr'>iu</span> <span class='ocrx_word' id='word_1_163' title='bbox 1364 1548 1545 1613; x_wconf 85' lang='lat' dir='ltr'>primis,</span> <span class='ocrx_word' id='word_1_164' title='bbox 1568 1564 1644 1598; x_wconf 85' lang='lat' dir='ltr'>me</span> <span class='ocrx_word' id='word_1_165' title='bbox 1673 1549 1854 1598; x_wconf 87' lang='lat' dir='ltr'>nullum</span> <span class='ocrx_word' id='word_1_166' title='bbox 1878 1551 2034 1598; x_wconf 84' lang='lat' dir='ltr'>adhuc</span> <span class='ocrx_word' id='word_1_167' title='bbox 2057 1549 2331 1597; x_wconf 85' lang='lat' dir='ltr'>adolescen-</span> 
     </span>
     <span class='ocr_line' id='line_1_15' title="bbox 138 1626 2329 1695; baseline 0.002 -23"><span class='ocrx_word' id='word_1_168' title='bbox 138 1626 277 1673; x_wconf 85' lang='lat' dir='ltr'>tulum</span> <span class='ocrx_word' id='word_1_169' title='bbox 314 1627 543 1692; x_wconf 82' lang='lat' dir='ltr'>reperisse</span> <span class='ocrx_word' id='word_1_170' title='bbox 577 1628 718 1693; x_wconf 88' lang='lat' dir='ltr'>(licet</span> <span class='ocrx_word' id='word_1_171' title='bbox 749 1644 855 1678; x_wconf 90' lang='lat' dir='ltr'>cum</span> <span class='ocrx_word' id='word_1_172' title='bbox 890 1629 1049 1677; x_wconf 78' lang='lat' dir='ltr'>multis</span> <span class='ocrx_word' id='word_1_173' title='bbox 1070 1636 1281 1678; x_wconf 78' lang='lat' dir='ltr'>versatus</span> <span class='ocrx_word' id='word_1_174' title='bbox 1310 1626 1507 1695; x_wconf 79' lang='lat' dir='ltr'>fuerim)</span> <span class='ocrx_word' id='word_1_175' title='bbox 1529 1638 1623 1679; x_wconf 84' lang='lat' dir='ltr'>tam</span> <span class='ocrx_word' id='word_1_176' title='bbox 1655 1631 1855 1679; x_wconf 86' lang='lat' dir='ltr'>mirabili</span> <span class='ocrx_word' id='word_1_177' title='bbox 1887 1638 2066 1679; x_wconf 61' lang='lat' dir='ltr'>naturas</span> <span class='ocrx_word' id='word_1_178' title='bbox 2099 1628 2329 1678; x_wconf 80' lang='lat' dir='ltr'>felicitate</span> 
     </span>
     <span class='ocr_line' id='line_1_16' title="bbox 137 1705 2326 1776; baseline 0.002 -22"><span class='ocrx_word' id='word_1_179' title='bbox 137 1705 370 1757; x_wconf 83' lang='lat' dir='ltr'>donatum.</span> <span class='ocrx_word' id='word_1_180' title='bbox 440 1708 652 1757; x_wconf 86' lang='lat' dir='ltr'>Difficile</span> <span class='ocrx_word' id='word_1_181' title='bbox 673 1710 926 1757; x_wconf 77' lang='lat' dir='ltr'>admodum</span> <span class='ocrx_word' id='word_1_182' title='bbox 957 1716 1046 1769; x_wconf 86' lang='lat' dir='ltr'>est,</span> <span class='ocrx_word' id='word_1_183' title='bbox 1068 1710 1269 1773; x_wconf 85' lang='lat' dir='ltr'>reperire</span> <span class='ocrx_word' id='word_1_184' title='bbox 1291 1710 1529 1758; x_wconf 83' lang='lat' dir='ltr'>hominem</span> <span class='ocrx_word' id='word_1_185' title='bbox 1555 1711 1849 1776; x_wconf 85' lang='lat' dir='ltr'>ingeniosum</span> <span class='ocrx_word' id='word_1_186' title='bbox 1871 1710 2028 1774; x_wconf 88' lang='lat' dir='ltr'>simul,</span> <span class='ocrx_word' id='word_1_187' title='bbox 2048 1719 2098 1760; x_wconf 90' lang='lat' dir='ltr'>et</span> <span class='ocrx_word' id='word_1_188' title='bbox 2127 1726 2224 1775; x_wconf 80' lang='lat' dir='ltr'>prae</span> <span class='ocrx_word' id='word_1_189' title='bbox 2246 1727 2326 1759; x_wconf 89' lang='lat' dir='ltr'>ce-</span> 
     </span>
     <span class='ocr_line' id='line_1_17' title="bbox 135 1786 2326 1856; baseline 0.003 -22"><span class='ocrx_word' id='word_1_190' title='bbox 135 1786 230 1835; x_wconf 80' lang='lat' dir='ltr'>teris</span> <span class='ocrx_word' id='word_1_191' title='bbox 250 1796 546 1837; x_wconf 86' lang='lat' dir='ltr'>mansuetum</span> <span class='ocrx_word' id='word_1_192' title='bbox 569 1797 715 1854; x_wconf 85' lang='lat' dir='ltr'>atque</span> <span class='ocrx_word' id='word_1_193' title='bbox 736 1789 934 1838; x_wconf 79' lang='lat' dir='ltr'>virilem.</span> <span class='ocrx_word' id='word_1_194' title='bbox 968 1790 1188 1855; x_wconf 79' lang='lat' dir='ltr'>equidem</span> <span class='ocrx_word' id='word_1_195' title='bbox 1210 1805 1305 1840; x_wconf 87' lang='lat' dir='ltr'>nec</span> <span class='ocrx_word' id='word_1_196' title='bbox 1316 1790 1461 1839; x_wconf 76' lang='lat' dir='ltr'>fuisse</span> <span class='ocrx_word' id='word_1_197' title='bbox 1484 1806 1690 1856; x_wconf 85' lang='lat' dir='ltr'>unquam</span> <span class='ocrx_word' id='word_1_198' title='bbox 1709 1790 1922 1840; x_wconf 84' lang='lat' dir='ltr'>existimo</span> <span class='ocrx_word' id='word_1_199' title='bbox 1939 1805 2030 1839; x_wconf 85' lang='lat' dir='ltr'>nec</span> <span class='ocrx_word' id='word_1_200' title='bbox 2046 1806 2148 1840; x_wconf 84' lang='lat' dir='ltr'>esse</span> <span class='ocrx_word' id='word_1_201' title='bbox 2168 1790 2326 1850; x_wconf 80' lang='lat' dir='ltr'>video,</span> 
     </span>
     <span class='ocr_line' id='line_1_18' title="bbox 136 1867 2328 1938; baseline 0.003 -23"><span class='ocrx_word' id='word_1_202' title='bbox 136 1868 207 1930; x_wconf 86' lang='lat' dir='ltr'>qui</span> <span class='ocrx_word' id='word_1_203' title='bbox 222 1868 292 1917; x_wconf 81' lang='lat' dir='ltr'>ita</span> <span class='ocrx_word' id='word_1_204' title='bbox 312 1878 482 1919; x_wconf 84' lang='lat' dir='ltr'>natura</span> <span class='ocrx_word' id='word_1_205' title='bbox 504 1869 601 1918; x_wconf 87' lang='lat' dir='ltr'>sint</span> <span class='ocrx_word' id='word_1_206' title='bbox 634 1869 855 1920; x_wconf 84' lang='lat' dir='ltr'>instituti.</span> <span class='ocrx_word' id='word_1_207' title='bbox 923 1870 1145 1923; x_wconf 86' lang='lat' dir='ltr'>Ceterum</span> <span class='ocrx_word' id='word_1_208' title='bbox 1184 1872 1329 1931; x_wconf 79' lang='lat' dir='ltr'>acuti,</span> <span class='ocrx_word' id='word_1_209' title='bbox 1353 1880 1409 1921; x_wconf 88' lang='lat' dir='ltr'>ut</span> <span class='ocrx_word' id='word_1_210' title='bbox 1442 1872 1552 1931; x_wconf 86' lang='lat' dir='ltr'>iste,</span> <span class='ocrx_word' id='word_1_211' title='bbox 1574 1888 1860 1938; x_wconf 80' lang='lat' dir='ltr'>sagacesque</span> <span class='ocrx_word' id='word_1_212' title='bbox 1891 1881 1942 1921; x_wconf 84' lang='lat' dir='ltr'>et</span> <span class='ocrx_word' id='word_1_213' title='bbox 1976 1867 2238 1921; x_wconf 64' lang='lat' dir='ltr'>memoriosi</span> <span class='ocrx_word' id='word_1_214' title='bbox 2277 1882 2328 1921; x_wconf 86' lang='lat' dir='ltr'>et</span> 
     </span>
     <span class='ocr_line' id='line_1_19' title="bbox 137 1944 2323 2018; baseline 0.002 -23"><span class='ocrx_word' id='word_1_215' title='bbox 137 1948 295 1999; x_wconf 89' lang='lat' dir='ltr'>dociles</span> <span class='ocrx_word' id='word_1_216' title='bbox 318 1958 372 1999; x_wconf 86' lang='lat' dir='ltr'>ut</span> <span class='ocrx_word' id='word_1_217' title='bbox 407 1951 660 2015; x_wconf 87' lang='lat' dir='ltr'>plurimum</span> <span class='ocrx_word' id='word_1_218' title='bbox 689 1953 743 2000; x_wconf 91' lang='lat' dir='ltr'>in</span> <span class='ocrx_word' id='word_1_219' title='bbox 778 1952 1070 2001; x_wconf 78' lang='lat' dir='ltr'>iracundiam</span> <span class='ocrx_word' id='word_1_220' title='bbox 1110 1953 1409 2018; x_wconf 75' lang='lat' dir='ltr'>impetusque</span> <span class='ocrx_word' id='word_1_221' title='bbox 1448 1954 1714 2018; x_wconf 67' lang='lat' dir='ltr'>praecipites</span> <span class='ocrx_word' id='word_1_222' title='bbox 1753 1944 2161 2018; x_wconf 73' lang='lat' dir='ltr'>suntt&#39;proruunt</span> <span class='ocrx_word' id='word_1_223' title='bbox 2196 1952 2323 2000; x_wconf 88' lang='lat' dir='ltr'>euim</span> 
     </span>
     <span class='ocr_line' id='line_1_20' title="bbox 136 2032 2325 2099; baseline 0.003 -24"><span class='ocrx_word' id='word_1_224' title='bbox 136 2035 265 2093; x_wconf 86' lang='lat' dir='ltr'>atque</span> <span class='ocrx_word' id='word_1_225' title='bbox 283 2038 544 2097; x_wconf 73' lang='lat' dir='ltr'>raptantur,</span> <span class='ocrx_word' id='word_1_226' title='bbox 565 2032 965 2096; x_wconf 82' lang='lat' dir='ltr'>quemadmodum</span> <span class='ocrx_word' id='word_1_227' title='bbox 988 2034 1091 2080; x_wconf 68' lang='lat' dir='ltr'>sine</span> <span class='ocrx_word' id='word_1_228' title='bbox 1112 2033 1386 2083; x_wconf 72' lang='lat' dir='ltr'>retinaculis</span> <span class='ocrx_word' id='word_1_229' title='bbox 1407 2048 1571 2099; x_wconf 62' lang='lat' dir='ltr'>name,</span> <span class='ocrx_word' id='word_1_230' title='bbox 1594 2044 1643 2083; x_wconf 90' lang='lat' dir='ltr'>et</span> <span class='ocrx_word' id='word_1_231' title='bbox 1664 2035 1824 2083; x_wconf 83' lang='lat' dir='ltr'>furiosi</span> <span class='ocrx_word' id='word_1_232' title='bbox 1848 2034 2007 2098; x_wconf 88' lang='lat' dir='ltr'>potius</span> <span class='ocrx_word' id='word_1_233' title='bbox 2023 2049 2162 2099; x_wconf 83' lang='lat' dir='ltr'>quam</span> <span class='ocrx_word' id='word_1_234' title='bbox 2179 2034 2325 2081; x_wconf 81' lang='lat' dir='ltr'>sortes</span> 
     </span>
     <span class='ocr_line' id='line_1_21' title="bbox 129 2109 2314 2179; baseline 0.004 -25"><span class='ocrx_word' id='word_1_235' title='bbox 129 2109 330 2160; x_wconf 80' lang='lat' dir='ltr'>existunt.</span> <span class='ocrx_word' id='word_1_236' title='bbox 396 2112 580 2162; x_wconf 83' lang='lat' dir='ltr'>Graves</span> <span class='ocrx_word' id='word_1_237' title='bbox 602 2120 761 2161; x_wconf 85' lang='lat' dir='ltr'>autem</span> <span class='ocrx_word' id='word_1_238' title='bbox 795 2126 939 2176; x_wconf 63' lang='lat' dir='ltr'>sape,</span> <span class='ocrx_word' id='word_1_239' title='bbox 957 2129 1069 2162; x_wconf 88' lang='lat' dir='ltr'>cum</span> <span class='ocrx_word' id='word_1_240' title='bbox 1088 2116 1148 2162; x_wconf 87' lang='lat' dir='ltr'>ad</span> <span class='ocrx_word' id='word_1_241' title='bbox 1172 2114 1449 2178; x_wconf 82' lang='lat' dir='ltr'>disciplinas</span> <span class='ocrx_word' id='word_1_242' title='bbox 1473 2132 1524 2163; x_wconf 91' lang='lat' dir='ltr'>se</span> <span class='ocrx_word' id='word_1_243' title='bbox 1546 2117 2021 2179; x_wconf 72' lang='lat' dir='ltr'>conferunt,-segnes,</span> <span class='ocrx_word' id='word_1_244' title='bbox 2053 2120 2314 2178; x_wconf 71' lang='lat' dir='ltr'>torpentes,</span> 
     </span>
     <span class='ocr_line' id='line_1_22' title="bbox 133 2191 2326 2259; baseline 0 -21"><span class='ocrx_word' id='word_1_245' title='bbox 133 2191 331 2240; x_wconf 77' lang='lat' dir='ltr'>obliviosi</span> <span class='ocrx_word' id='word_1_246' title='bbox 352 2201 480 2244; x_wconf 84' lang='lat' dir='ltr'>sunt.</span> <span class='ocrx_word' id='word_1_247' title='bbox 554 2193 651 2242; x_wconf 89' lang='lat' dir='ltr'>Iste</span> <span class='ocrx_word' id='word_1_248' title='bbox 674 2210 784 2243; x_wconf 82' lang='lat' dir='ltr'>vero</span> <span class='ocrx_word' id='word_1_249' title='bbox 805 2196 874 2242; x_wconf 80' lang='lat' dir='ltr'>ita</span> <span class='ocrx_word' id='word_1_250' title='bbox 906 2193 1091 2251; x_wconf 84' lang='lat' dir='ltr'>leniter,</span> <span class='ocrx_word' id='word_1_251' title='bbox 1114 2193 1276 2252; x_wconf 87' lang='lat' dir='ltr'>libere,</span> <span class='ocrx_word' id='word_1_252' title='bbox 1300 2195 1522 2253; x_wconf 82' lang='lat' dir='ltr'>suaviter,</span> <span class='ocrx_word' id='word_1_253' title='bbox 1546 2196 1786 2259; x_wconf 81' lang='lat' dir='ltr'>expedite,</span> <span class='ocrx_word' id='word_1_254' title='bbox 1807 2196 2009 2243; x_wconf 79' lang='lat' dir='ltr'>maxima</span> <span class='ocrx_word' id='word_1_255' title='bbox 2045 2210 2154 2242; x_wconf 89' lang='lat' dir='ltr'>cum</span> <span class='ocrx_word' id='word_1_256' title='bbox 2191 2208 2326 2240; x_wconf 87' lang='lat' dir='ltr'>man-</span> 
     </span>
     <span class='ocr_line' id='line_1_23' title="bbox 132 2273 2328 2339; baseline 0.001 -20"><span class='ocrx_word' id='word_1_257' title='bbox 132 2273 364 2322; x_wconf 70' lang='lat' dir='ltr'>suetudine</span> <span class='ocrx_word' id='word_1_258' title='bbox 386 2275 447 2323; x_wconf 89' lang='lat' dir='ltr'>ad</span> <span class='ocrx_word' id='word_1_259' title='bbox 472 2273 754 2339; x_wconf 85' lang='lat' dir='ltr'>disciplinas</span> <span class='ocrx_word' id='word_1_260' title='bbox 794 2275 1176 2338; x_wconf 63' lang='lat' dir='ltr'>quaestionesque</span> <span class='ocrx_word' id='word_1_261' title='bbox 1210 2275 1435 2338; x_wconf 79' lang='lat' dir='ltr'>graditur,</span> <span class='ocrx_word' id='word_1_262' title='bbox 1456 2283 1515 2322; x_wconf 90' lang='lat' dir='ltr'>ut</span> <span class='ocrx_word' id='word_1_263' title='bbox 1545 2290 1636 2323; x_wconf 88' lang='lat' dir='ltr'>nec</span> <span class='ocrx_word' id='word_1_264' title='bbox 1671 2275 1880 2325; x_wconf 87' lang='lat' dir='ltr'>lubricus</span> <span class='ocrx_word' id='word_1_265' title='bbox 1911 2275 2195 2339; x_wconf 78' lang='lat' dir='ltr'>quietusque</span> <span class='ocrx_word' id='word_1_266' title='bbox 2232 2274 2328 2322; x_wconf 82' lang='lat' dir='ltr'>olei</span> 
     </span>
     <span class='ocr_line' id='line_1_24' title="bbox 132 2350 2330 2421; baseline 0.002 -24"><span class='ocrx_word' id='word_1_267' title='bbox 132 2350 267 2401; x_wconf 72' lang='lat' dir='ltr'>fluxus</span> <span class='ocrx_word' id='word_1_268' title='bbox 288 2355 473 2404; x_wconf 85' lang='lat' dir='ltr'>mollior</span> <span class='ocrx_word' id='word_1_269' title='bbox 494 2361 551 2403; x_wconf 78' lang='lat' dir='ltr'>et</span> <span class='ocrx_word' id='word_1_270' title='bbox 570 2354 761 2403; x_wconf 81' lang='lat' dir='ltr'>suavior</span> <span class='ocrx_word' id='word_1_271' title='bbox 782 2355 1016 2421; x_wconf 82' lang='lat' dir='ltr'>videatur,</span> <span class='ocrx_word' id='word_1_272' title='bbox 1039 2364 1090 2403; x_wconf 87' lang='lat' dir='ltr'>et</span> <span class='ocrx_word' id='word_1_273' title='bbox 1110 2360 1164 2401; x_wconf 86' lang='lat' dir='ltr'>ut</span> <span class='ocrx_word' id='word_1_274' title='bbox 1184 2354 1350 2402; x_wconf 87' lang='lat' dir='ltr'>mirum</span> <span class='ocrx_word' id='word_1_275' title='bbox 1372 2354 1435 2402; x_wconf 85' lang='lat' dir='ltr'>sit</span> <span class='ocrx_word' id='word_1_276' title='bbox 1454 2362 1637 2402; x_wconf 84' lang='lat' dir='ltr'>tantum</span> <span class='ocrx_word' id='word_1_277' title='bbox 1661 2353 1903 2418; x_wconf 83' lang='lat' dir='ltr'>ingenium</span> <span class='ocrx_word' id='word_1_278' title='bbox 1926 2361 2021 2401; x_wconf 86' lang='lat' dir='ltr'>tam</span> <span class='ocrx_word' id='word_1_279' title='bbox 2043 2362 2220 2402; x_wconf 87' lang='lat' dir='ltr'>mature</span> <span class='ocrx_word' id='word_1_280' title='bbox 2235 2355 2330 2402; x_wconf 84' lang='lat' dir='ltr'>ista</span> 
     </span>
     <span class='ocr_line' id='line_1_25' title="bbox 126 2433 2326 2501; baseline 0.001 -20"><span class='ocrx_word' id='word_1_281' title='bbox 126 2447 347 2500; x_wconf 73' lang='lat' dir='ltr'>peragere.</span> <span class='ocrx_word' id='word_1_282' title='bbox 416 2438 514 2487; x_wconf 80' lang='lat' dir='ltr'>So.</span> <span class='ocrx_word' id='word_1_283' title='bbox 546 2434 743 2501; x_wconf 84' lang='lat' dir='ltr'>Optima</span> <span class='ocrx_word' id='word_1_284' title='bbox 778 2435 987 2484; x_wconf 82' lang='lat' dir='ltr'>nuntias.</span> <span class='ocrx_word' id='word_1_285' title='bbox 1026 2435 1110 2483; x_wconf 80' lang='lat' dir='ltr'>sed</span> <span class='ocrx_word' id='word_1_286' title='bbox 1142 2433 1280 2499; x_wconf 89' lang='lat' dir='ltr'>cujus</span> <span class='ocrx_word' id='word_1_287' title='bbox 1315 2443 1578 2484; x_wconf 73' lang='lat' dir='ltr'>nostrorum</span> <span class='ocrx_word' id='word_1_288' title='bbox 1615 2435 1790 2484; x_wconf 76' lang='lat' dir='ltr'>civium</span> <span class='ocrx_word' id='word_1_289' title='bbox 1829 2433 1952 2483; x_wconf 84' lang='lat' dir='ltr'>filius</span> <span class='ocrx_word' id='word_1_290' title='bbox 1988 2435 2097 2484; x_wconf 86' lang='lat' dir='ltr'>est?</span> <span class='ocrx_word' id='word_1_291' title='bbox 2159 2434 2326 2484; x_wconf 72' lang='lat' dir='ltr'>Tuto.</span> 
     </span>
     <span class='ocr_line' id='line_1_26' title="bbox 124 2512 2323 2582; baseline 0 -19"><span class='ocrx_word' id='word_1_292' title='bbox 124 2512 295 2565; x_wconf 84' lang='lat' dir='ltr'>Nomen</span> <span class='ocrx_word' id='word_1_293' title='bbox 316 2518 524 2582; x_wconf 80' lang='lat' dir='ltr'>quidem</span> <span class='ocrx_word' id='word_1_294' title='bbox 544 2516 647 2581; x_wconf 89' lang='lat' dir='ltr'>ejus</span> <span class='ocrx_word' id='word_1_295' title='bbox 670 2516 852 2580; x_wconf 81' lang='lat' dir='ltr'>audivi,</span> <span class='ocrx_word' id='word_1_296' title='bbox 875 2517 960 2566; x_wconf 85' lang='lat' dir='ltr'>sed</span> <span class='ocrx_word' id='word_1_297' title='bbox 984 2532 1013 2565; x_wconf 86' lang='lat' dir='ltr'>e</span> <span class='ocrx_word' id='word_1_298' title='bbox 1035 2515 1260 2564; x_wconf 85' lang='lat' dir='ltr'>memoria</span> <span class='ocrx_word' id='word_1_299' title='bbox 1279 2515 1474 2565; x_wconf 85' lang='lat' dir='ltr'>excidit.</span> <span class='ocrx_word' id='word_1_300' title='bbox 1507 2523 1583 2564; x_wconf 87' lang='lat' dir='ltr'>est</span> <span class='ocrx_word' id='word_1_301' title='bbox 1613 2524 1771 2565; x_wconf 85' lang='lat' dir='ltr'>autem</span> <span class='ocrx_word' id='word_1_302' title='bbox 1806 2515 1991 2565; x_wconf 86' lang='lat' dir='ltr'>medius</span> <span class='ocrx_word' id='word_1_303' title='bbox 2024 2514 2106 2565; x_wconf 87' lang='lat' dir='ltr'>ille</span> <span class='ocrx_word' id='word_1_304' title='bbox 2143 2529 2323 2572; x_wconf 86' lang='lat' dir='ltr'>eorum,</span> 
     </span>
     <span class='ocr_line' id='line_1_27' title="bbox 122 2595 2325 2664; baseline 0 -20"><span class='ocrx_word' id='word_1_305' title='bbox 122 2595 194 2660; x_wconf 88' lang='lat' dir='ltr'>qui</span> <span class='ocrx_word' id='word_1_306' title='bbox 212 2605 371 2648; x_wconf 87' lang='lat' dir='ltr'>contra</span> <span class='ocrx_word' id='word_1_307' title='bbox 391 2616 481 2650; x_wconf 89' lang='lat' dir='ltr'>nos</span> <span class='ocrx_word' id='word_1_308' title='bbox 516 2599 732 2650; x_wconf 85' lang='lat' dir='ltr'>veniunt.</span> <span class='ocrx_word' id='word_1_309' title='bbox 747 2629 750 2633; x_wconf 19' lang='grc' dir='ltr'><strong>Δ</strong></span> <span class='ocrx_word' id='word_1_310' title='bbox 765 2598 910 2662; x_wconf 84' lang='lat' dir='ltr'>paulo</span> <span class='ocrx_word' id='word_1_311' title='bbox 934 2604 1046 2646; x_wconf 86' lang='lat' dir='ltr'>ante</span> <span class='ocrx_word' id='word_1_312' title='bbox 1082 2598 1131 2645; x_wconf 87' lang='lat' dir='ltr'>iu</span> <span class='ocrx_word' id='word_1_313' title='bbox 1166 2598 1341 2662; x_wconf 79' lang='lat' dir='ltr'>platea,</span> <span class='ocrx_word' id='word_1_314' title='bbox 1364 2613 1473 2664; x_wconf 66' lang='lat' dir='ltr'>quo</span> <span class='ocrx_word' id='word_1_315' title='bbox 1508 2604 1638 2647; x_wconf 86' lang='lat' dir='ltr'>extra</span> <span class='ocrx_word' id='word_1_316' title='bbox 1676 2597 1847 2647; x_wconf 83' lang='lat' dir='ltr'>moenia</span> <span class='ocrx_word' id='word_1_317' title='bbox 1868 2606 1956 2656; x_wconf 90' lang='lat' dir='ltr'>est,</span> <span class='ocrx_word' id='word_1_318' title='bbox 1978 2597 2019 2646; x_wconf 84' lang='lat' dir='ltr'>is</span> <span class='ocrx_word' id='word_1_319' title='bbox 2040 2604 2091 2646; x_wconf 86' lang='lat' dir='ltr'>et</span> <span class='ocrx_word' id='word_1_320' title='bbox 2110 2596 2228 2646; x_wconf 89' lang='lat' dir='ltr'>socii</span> <span class='ocrx_word' id='word_1_321' title='bbox 2248 2597 2325 2646; x_wconf 82' lang='lat' dir='ltr'>sui</span> 
     </span>
     <span class='ocr_line' id='line_1_28' title="bbox 120 2676 2323 2743; baseline 0 -17"><span class='ocrx_word' id='word_1_322' title='bbox 120 2678 299 2740; x_wconf 85' lang='lat' dir='ltr'>quidam</span> <span class='ocrx_word' id='word_1_323' title='bbox 318 2682 452 2730; x_wconf 87' lang='lat' dir='ltr'>uncti</span> <span class='ocrx_word' id='word_1_324' title='bbox 489 2680 730 2728; x_wconf 81' lang='lat' dir='ltr'>luserunt.</span> <span class='ocrx_word' id='word_1_325' title='bbox 762 2693 890 2727; x_wconf 84' lang='lat' dir='ltr'>nnnc</span> <span class='ocrx_word' id='word_1_326' title='bbox 911 2685 1105 2743; x_wconf 77' lang='lat' dir='ltr'>peracto</span> <span class='ocrx_word' id='word_1_327' title='bbox 1128 2676 1244 2727; x_wconf 91' lang='lat' dir='ltr'>ludo</span> <span class='ocrx_word' id='word_1_328' title='bbox 1264 2680 1360 2728; x_wconf 86' lang='lat' dir='ltr'>huc</span> <span class='ocrx_word' id='word_1_329' title='bbox 1394 2681 1649 2728; x_wconf 77' lang='lat' dir='ltr'>adventare</span> <span class='ocrx_word' id='word_1_330' title='bbox 1670 2679 1906 2729; x_wconf 75' lang='lat' dir='ltr'>videntur.</span> <span class='ocrx_word' id='word_1_331' title='bbox 1938 2679 2130 2727; x_wconf 79' lang='lat' dir='ltr'>adverte</span> <span class='ocrx_word' id='word_1_332' title='bbox 2165 2685 2323 2726; x_wconf 88' lang='lat' dir='ltr'>utrum</span> 
     </span>
     <span class='ocr_line' id='line_1_29' title="bbox 125 2758 2324 2825; baseline 0 -16"><span class='ocrx_word' id='word_1_333' title='bbox 125 2771 336 2821; x_wconf 68' lang='lat' dir='ltr'>tgnoscas</span> <span class='ocrx_word' id='word_1_334' title='bbox 367 2777 547 2811; x_wconf 85' lang='lat' dir='ltr'>necne.</span> <span class='ocrx_word' id='word_1_335' title='bbox 613 2759 699 2809; x_wconf 86' lang='lat' dir='ltr'>So.</span> <span class='ocrx_word' id='word_1_336' title='bbox 734 2758 962 2824; x_wconf 75' lang='lat' dir='ltr'>Agnosco</span> <span class='ocrx_word' id='word_1_337' title='bbox 1001 2759 1241 2825; x_wconf 80' lang='lat' dir='ltr'>equidem.</span> <span class='ocrx_word' id='word_1_338' title='bbox 1307 2760 1553 2809; x_wconf 83' lang='lat' dir='ltr'>Sunicnsis</span> <span class='ocrx_word' id='word_1_339' title='bbox 1587 2760 1850 2824; x_wconf 83' lang='lat' dir='ltr'>Euphronii</span> <span class='ocrx_word' id='word_1_340' title='bbox 1891 2759 2017 2808; x_wconf 82' lang='lat' dir='ltr'>filius</span> <span class='ocrx_word' id='word_1_341' title='bbox 2052 2767 2142 2817; x_wconf 87' lang='lat' dir='ltr'>est,</span> <span class='ocrx_word' id='word_1_342' title='bbox 2166 2759 2270 2817; x_wconf 81' lang='lat' dir='ltr'>viri,</span> <span class='ocrx_word' id='word_1_343' title='bbox 2293 2776 2324 2809; x_wconf 90' lang='lat' dir='ltr'>o</span> 
     </span>
     <span class='ocr_line' id='line_1_30' title="bbox 124 2839 2328 2906; baseline -0 -19"><span class='ocrx_word' id='word_1_344' title='bbox 124 2840 279 2899; x_wconf 79' lang='lat' dir='ltr'>amice,</span> <span class='ocrx_word' id='word_1_345' title='bbox 302 2843 471 2906; x_wconf 86' lang='lat' dir='ltr'>procul</span> <span class='ocrx_word' id='word_1_346' title='bbox 494 2841 648 2891; x_wconf 87' lang='lat' dir='ltr'>dubio</span> <span class='ocrx_word' id='word_1_347' title='bbox 669 2839 797 2899; x_wconf 82' lang='lat' dir='ltr'>talis,</span> <span class='ocrx_word' id='word_1_348' title='bbox 820 2841 1008 2905; x_wconf 88' lang='lat' dir='ltr'>qualem</span> <span class='ocrx_word' id='word_1_349' title='bbox 1031 2848 1082 2888; x_wconf 89' lang='lat' dir='ltr'>tu</span> <span class='ocrx_word' id='word_1_350' title='bbox 1104 2840 1254 2890; x_wconf 82' lang='lat' dir='ltr'>filium</span> <span class='ocrx_word' id='word_1_351' title='bbox 1294 2842 1524 2906; x_wconf 82' lang='lat' dir='ltr'>figurasti,</span> <span class='ocrx_word' id='word_1_352' title='bbox 1546 2840 1862 2905; x_wconf 72' lang='lat' dir='ltr'>probatissimi</span> <span class='ocrx_word' id='word_1_353' title='bbox 1891 2847 2003 2888; x_wconf 83' lang='lat' dir='ltr'>ante</span> <span class='ocrx_word' id='word_1_354' title='bbox 2037 2855 2219 2896; x_wconf 88' lang='lat' dir='ltr'>omnes,</span> <span class='ocrx_word' id='word_1_355' title='bbox 2240 2839 2328 2903; x_wconf 89' lang='lat' dir='ltr'>qui</span> 
     </span>
     <span class='ocr_line' id='line_1_31' title="bbox 124 2918 2327 2986; baseline -0.002 -16"><span class='ocrx_word' id='word_1_356' title='bbox 124 2921 451 2982; x_wconf 72' lang='lat' dir='ltr'>patrimonium</span> <span class='ocrx_word' id='word_1_357' title='bbox 486 2922 701 2986; x_wconf 86' lang='lat' dir='ltr'>amplum</span> <span class='ocrx_word' id='word_1_358' title='bbox 724 2922 929 2985; x_wconf 86' lang='lat' dir='ltr'>reliquit.</span> <span class='ocrx_word' id='word_1_359' title='bbox 963 2921 1045 2969; x_wconf 88' lang='lat' dir='ltr'>sed</span> <span class='ocrx_word' id='word_1_360' title='bbox 1068 2936 1242 2969; x_wconf 87' lang='lat' dir='ltr'>nomen</span> <span class='ocrx_word' id='word_1_361' title='bbox 1266 2921 1402 2986; x_wconf 86' lang='lat' dir='ltr'>pueri</span> <span class='ocrx_word' id='word_1_362' title='bbox 1422 2937 1520 2969; x_wconf 90' lang='lat' dir='ltr'>non</span> <span class='ocrx_word' id='word_1_363' title='bbox 1542 2921 1722 2969; x_wconf 78' lang='lat' dir='ltr'>audivi.</span> <span class='ocrx_word' id='word_1_364' title='bbox 1784 2920 1864 2967; x_wconf 75' lang='lat' dir='ltr'>Tu</span> <span class='ocrx_word' id='word_1_365' title='bbox 1873 2935 1954 2967; x_wconf 71' lang='lat' dir='ltr'>to.</span> <span class='ocrx_word' id='word_1_366' title='bbox 1986 2918 2274 2975; x_wconf 66' lang='lat' dir='ltr'>Theaetetus,</span> <span class='ocrx_word' id='word_1_367' title='bbox 2295 2933 2327 2965; x_wconf 93' lang='lat' dir='ltr'>o</span> 
     </span>
     <span class='ocr_line' id='line_1_32' title="bbox 122 2997 2328 3064; baseline -0.004 -14"><span class='ocrx_word' id='word_1_368' title='bbox 122 2999 345 3061; x_wconf 72' lang='lat' dir='ltr'>Socrates,</span> <span class='ocrx_word' id='word_1_369' title='bbox 369 3015 552 3052; x_wconf 84' lang='lat' dir='ltr'>nomen</span> <span class='ocrx_word' id='word_1_370' title='bbox 576 3010 665 3051; x_wconf 85' lang='lat' dir='ltr'>est.</span> <span class='ocrx_word' id='word_1_371' title='bbox 699 2999 1035 3064; x_wconf 74' lang='lat' dir='ltr'>patrimonium</span> <span class='ocrx_word' id='word_1_372' title='bbox 1059 3010 1215 3049; x_wconf 86' lang='lat' dir='ltr'>autern</span> <span class='ocrx_word' id='word_1_373' title='bbox 1248 3001 1354 3064; x_wconf 87' lang='lat' dir='ltr'>ejus</span> <span class='ocrx_word' id='word_1_374' title='bbox 1376 3008 1557 3048; x_wconf 88' lang='lat' dir='ltr'>tutores</span> <span class='ocrx_word' id='word_1_375' title='bbox 1588 2997 1839 3061; x_wconf 69' lang='lat' dir='ltr'>dissipasse</span> <span class='ocrx_word' id='word_1_376' title='bbox 1869 2997 2090 3044; x_wconf 79' lang='lat' dir='ltr'>videntur</span> <span class='ocrx_word' id='word_1_377' title='bbox 2107 3012 2122 3043; x_wconf 73' lang='lat' dir='ltr'><strong><em>z</em></strong></span> <span class='ocrx_word' id='word_1_378' title='bbox 2159 3011 2328 3044; x_wconf 79' lang='lat' dir='ltr'>verun-</span> 
     </span>
     <span class='ocr_line' id='line_1_33' title="bbox 123 3074 2329 3144; baseline -0.003 -13"><span class='ocrx_word' id='word_1_379' title='bbox 123 3088 270 3132; x_wconf 81' lang='lat' dir='ltr'>tamen</span> <span class='ocrx_word' id='word_1_380' title='bbox 308 3083 603 3133; x_wconf 66' lang='lat' dir='ltr'>liberalitate</span> <span class='ocrx_word' id='word_1_381' title='bbox 638 3080 835 3129; x_wconf 80' lang='lat' dir='ltr'>mirifice</span> <span class='ocrx_word' id='word_1_382' title='bbox 871 3079 1041 3144; x_wconf 87' lang='lat' dir='ltr'>pollet.</span> <span class='ocrx_word' id='word_1_383' title='bbox 1105 3079 1192 3127; x_wconf 84' lang='lat' dir='ltr'>So.</span> <span class='ocrx_word' id='word_1_384' title='bbox 1226 3079 1523 3128; x_wconf 86' lang='lat' dir='ltr'>Generosnm</span> <span class='ocrx_word' id='word_1_385' title='bbox 1562 3077 1803 3132; x_wconf 81' lang='lat' dir='ltr'>homiuem</span> <span class='ocrx_word' id='word_1_386' title='bbox 1847 3089 2021 3124; x_wconf 86' lang='lat' dir='ltr'>narras.</span> <span class='ocrx_word' id='word_1_387' title='bbox 2070 3074 2193 3138; x_wconf 86' lang='lat' dir='ltr'>jube</span> <span class='ocrx_word' id='word_1_388' title='bbox 2233 3075 2329 3124; x_wconf 79' lang='lat' dir='ltr'>huc</span> 
     </span>
     <span class='ocr_line' id='line_1_34' title="bbox 117 3155 2330 3215; baseline -0.004 -3"><span class='ocrx_word' id='word_1_389' title='bbox 117 3160 236 3212; x_wconf 83' lang='lat' dir='ltr'>illum</span> <span class='ocrx_word' id='word_1_390' title='bbox 261 3167 498 3215; x_wconf 76' lang='lat' dir='ltr'>accedere</span> <span class='ocrx_word' id='word_1_391' title='bbox 517 3171 570 3212; x_wconf 90' lang='lat' dir='ltr'>et</span> <span class='ocrx_word' id='word_1_392' title='bbox 586 3161 832 3209; x_wconf 87' lang='lat' dir='ltr'>nobiscum</span> <span class='ocrx_word' id='word_1_393' title='bbox 854 3161 1040 3208; x_wconf 86' lang='lat' dir='ltr'>sedere.</span> <span class='ocrx_word' id='word_1_394' title='bbox 1103 3159 1266 3206; x_wconf 76' lang='lat' dir='ltr'>Tnao.</span> <span class='ocrx_word' id='word_1_395' title='bbox 1299 3159 1422 3207; x_wconf 85' lang='lat' dir='ltr'>Fiat.</span> <span class='ocrx_word' id='word_1_396' title='bbox 1491 3157 1535 3207; x_wconf 93' lang='grc' dir='ltr'>Ο</span> <span class='ocrx_word' id='word_1_397' title='bbox 1555 3155 1821 3215; x_wconf 71' lang='lat' dir='ltr'>Tlneaetete,</span> <span class='ocrx_word' id='word_1_398' title='bbox 1837 3155 2015 3205; x_wconf 84' lang='lat' dir='ltr'>accede</span> <span class='ocrx_word' id='word_1_399' title='bbox 2036 3156 2131 3204; x_wconf 86' lang='lat' dir='ltr'>huc</span> <span class='ocrx_word' id='word_1_400' title='bbox 2154 3155 2214 3203; x_wconf 83' lang='lat' dir='ltr'>ad</span> <span class='ocrx_word' id='word_1_401' title='bbox 2237 3155 2330 3204; x_wconf 88' lang='lat' dir='ltr'>So·</span> 
     </span>
     <span class='ocr_line' id='line_1_35' title="bbox 118 3235 2326 3304; baseline -0.003 -12"><span class='ocrx_word' id='word_1_402' title='bbox 118 3252 305 3294; x_wconf 75' lang='lat' dir='ltr'>cratem.</span> <span class='ocrx_word' id='word_1_403' title='bbox 371 3246 463 3293; x_wconf 89' lang='lat' dir='ltr'>So.</span> <span class='ocrx_word' id='word_1_404' title='bbox 497 3241 647 3297; x_wconf 81' lang='lat' dir='ltr'>Veni,</span> <span class='ocrx_word' id='word_1_405' title='bbox 671 3242 883 3296; x_wconf 88' lang='lat' dir='ltr'>obsecro,</span> <span class='ocrx_word' id='word_1_406' title='bbox 905 3239 1166 3295; x_wconf 72' lang='lat' dir='ltr'>Theaetete,</span> <span class='ocrx_word' id='word_1_407' title='bbox 1189 3246 1245 3288; x_wconf 86' lang='lat' dir='ltr'>ut</span> <span class='ocrx_word' id='word_1_408' title='bbox 1264 3239 1496 3304; x_wconf 84' lang='lat' dir='ltr'>meipsum</span> <span class='ocrx_word' id='word_1_409' title='bbox 1520 3239 1908 3296; x_wconf 74' lang='lat' dir='ltr'>animadvertam,</span> <span class='ocrx_word' id='word_1_410' title='bbox 1932 3237 2120 3302; x_wconf 78' lang='lat' dir='ltr'>qualem</span> <span class='ocrx_word' id='word_1_411' title='bbox 2142 3235 2326 3286; x_wconf 81' lang='lat' dir='ltr'>vultum</span> 
     </span>
     <span class='ocr_line' id='line_1_36' title="bbox 118 3318 2328 3386; baseline -0.003 -12"><span class='ocrx_word' id='word_1_412' title='bbox 118 3325 377 3386; x_wconf 64' lang='lat' dir='ltr'>preseram.</span> <span class='ocrx_word' id='word_1_413' title='bbox 411 3321 579 3385; x_wconf 84' lang='lat' dir='ltr'>inquit</span> <span class='ocrx_word' id='word_1_414' title='bbox 599 3319 725 3369; x_wconf 88' lang='lat' dir='ltr'>enim</span> <span class='ocrx_word' id='word_1_415' title='bbox 758 3320 1051 3378; x_wconf 83' lang='lat' dir='ltr'>Theodorus,</span> <span class='ocrx_word' id='word_1_416' title='bbox 1074 3319 1209 3368; x_wconf 80' lang='lat' dir='ltr'>vultu</span> <span class='ocrx_word' id='word_1_417' title='bbox 1232 3336 1309 3370; x_wconf 88' lang='lat' dir='ltr'>me</span> <span class='ocrx_word' id='word_1_418' title='bbox 1329 3320 1416 3369; x_wconf 90' lang='lat' dir='ltr'>tibi</span> <span class='ocrx_word' id='word_1_419' title='bbox 1439 3320 1640 3369; x_wconf 85' lang='lat' dir='ltr'>similem</span> <span class='ocrx_word' id='word_1_420' title='bbox 1663 3335 1783 3370; x_wconf 85' lang='lat' dir='ltr'>esse.</span> <span class='ocrx_word' id='word_1_421' title='bbox 1852 3320 1997 3378; x_wconf 83' lang='lat' dir='ltr'>Quod</span> <span class='ocrx_word' id='word_1_422' title='bbox 2018 3318 2060 3368; x_wconf 86' lang='lat' dir='ltr'>si</span> <span class='ocrx_word' id='word_1_423' title='bbox 2083 3318 2328 3385; x_wconf 84' lang='lat' dir='ltr'>utriusque</span> 
     </span>
     <span class='ocr_line' id='line_1_37' title="bbox 118 3400 2327 3484; baseline -0.003 -29"><span class='ocrx_word' id='word_1_424' title='bbox 118 3413 327 3455; x_wconf 81' lang='lat' dir='ltr'>nostrum</span> <span class='ocrx_word' id='word_1_425' title='bbox 352 3404 515 3469; x_wconf 74' lang='lat' dir='ltr'>lyram</span> <span class='ocrx_word' id='word_1_426' title='bbox 539 3400 755 3450; x_wconf 85' lang='lat' dir='ltr'>similiter</span> <span class='ocrx_word' id='word_1_427' title='bbox 774 3401 1078 3484; x_wconf 49' lang='lat' dir='ltr'>temperatam</span> <span class='ocrx_word' id='word_1_428' title='bbox 1101 3413 1340 3462; x_wconf 85' lang='lat' dir='ltr'>assereret,</span> <span class='ocrx_word' id='word_1_429' title='bbox 1364 3411 1518 3451; x_wconf 88' lang='lat' dir='ltr'>utrum</span> <span class='ocrx_word' id='word_1_430' title='bbox 1540 3401 1787 3452; x_wconf 83' lang='lat' dir='ltr'>confestim</span> <span class='ocrx_word' id='word_1_431' title='bbox 1808 3401 1859 3450; x_wconf 87' lang='lat' dir='ltr'>id</span> <span class='ocrx_word' id='word_1_432' title='bbox 1881 3402 2212 3451; x_wconf 83' lang='lat' dir='ltr'>crederemus?</span> <span class='ocrx_word' id='word_1_433' title='bbox 2246 3417 2327 3459; x_wconf 84' lang='lat' dir='ltr'>an,</span> 
     </span>
     <span class='ocr_line' id='line_1_38' title="bbox 118 3482 2328 3551; baseline -0.001 -17"><span class='ocrx_word' id='word_1_434' title='bbox 118 3488 386 3536; x_wconf 79' lang='lat' dir='ltr'>musicusne</span> <span class='ocrx_word' id='word_1_435' title='bbox 411 3489 561 3541; x_wconf 89' lang='lat' dir='ltr'>esset,</span> <span class='ocrx_word' id='word_1_436' title='bbox 583 3482 713 3547; x_wconf 90' lang='lat' dir='ltr'>prius</span> <span class='ocrx_word' id='word_1_437' title='bbox 732 3482 1105 3549; x_wconf 83' lang='lat' dir='ltr'>inquireremus?</span> <span class='ocrx_word' id='word_1_438' title='bbox 1168 3484 1243 3534; x_wconf 65' lang='grc' dir='ltr'>ΤΒ</span> <span class='ocrx_word' id='word_1_439' title='bbox 1253 3501 1300 3534; x_wconf 78' lang='grc' dir='ltr'>ε.</span> <span class='ocrx_word' id='word_1_440' title='bbox 1331 3485 1697 3551; x_wconf 86' lang='lat' dir='ltr'>Inquireremus.</span> <span class='ocrx_word' id='word_1_441' title='bbox 1763 3484 1849 3533; x_wconf 88' lang='lat' dir='ltr'>So.</span> <span class='ocrx_word' id='word_1_442' title='bbox 1883 3482 1946 3532; x_wconf 88' lang='lat' dir='ltr'>Et</span> <span class='ocrx_word' id='word_1_443' title='bbox 1967 3484 2008 3532; x_wconf 88' lang='lat' dir='ltr'>si</span> <span class='ocrx_word' id='word_1_444' title='bbox 2029 3483 2169 3532; x_wconf 86' lang='lat' dir='ltr'>talem</span> <span class='ocrx_word' id='word_1_445' title='bbox 2191 3500 2328 3549; x_wconf 87' lang='lat' dir='ltr'>repe·</span> 
     </span>
     <span class='ocr_line' id='line_1_39' title="bbox 116 3564 2328 3632; baseline -0.001 -16"><span class='ocrx_word' id='word_1_446' title='bbox 116 3567 319 3628; x_wconf 77' lang='lat' dir='ltr'>rircmus,</span> <span class='ocrx_word' id='word_1_447' title='bbox 342 3568 653 3618; x_wconf 81' lang='lat' dir='ltr'>crederemus</span> <span class='ocrx_word' id='word_1_448' title='bbox 675 3567 873 3632; x_wconf 86' lang='lat' dir='ltr'>utique:</span> <span class='ocrx_word' id='word_1_449' title='bbox 909 3565 983 3614; x_wconf 87' lang='lat' dir='ltr'>sin</span> <span class='ocrx_word' id='word_1_450' title='bbox 1005 3573 1162 3615; x_wconf 86' lang='lat' dir='ltr'>autem</span> <span class='ocrx_word' id='word_1_451' title='bbox 1185 3568 1377 3616; x_wconf 81' lang='lat' dir='ltr'>musicae</span> <span class='ocrx_word' id='word_1_452' title='bbox 1399 3573 1658 3632; x_wconf 83' lang='lat' dir='ltr'>expertem,</span> <span class='ocrx_word' id='word_1_453' title='bbox 1681 3564 1910 3614; x_wconf 79' lang='lat' dir='ltr'>minime?</span> <span class='ocrx_word' id='word_1_454' title='bbox 1973 3564 2107 3614; x_wconf 73' lang='lat' dir='ltr'>Tru.</span> <span class='ocrx_word' id='word_1_455' title='bbox 2141 3564 2219 3613; x_wconf 86' lang='lat' dir='ltr'>Ita</span> <span class='ocrx_word' id='word_1_456' title='bbox 2239 3573 2328 3615; x_wconf 85' lang='lat' dir='ltr'>est.</span> 
     </span>
     <span class='ocr_line' id='line_1_40' title="bbox 115 3645 2325 3712; baseline -0.002 -16"><span class='ocrx_word' id='word_1_457' title='bbox 115 3647 192 3696; x_wconf 82' lang='lat' dir='ltr'>So.</span> <span class='ocrx_word' id='word_1_458' title='bbox 222 3649 374 3699; x_wconf 82' lang='lat' dir='ltr'>Nunc</span> <span class='ocrx_word' id='word_1_459' title='bbox 395 3662 535 3712; x_wconf 76' lang='lat' dir='ltr'>ergo,</span> <span class='ocrx_word' id='word_1_460' title='bbox 559 3646 600 3694; x_wconf 87' lang='lat' dir='ltr'>si</span> <span class='ocrx_word' id='word_1_461' title='bbox 619 3661 744 3695; x_wconf 70' lang='lat' dir='ltr'>curte</span> <span class='ocrx_word' id='word_1_462' title='bbox 764 3647 903 3695; x_wconf 87' lang='lat' dir='ltr'>nobis</span> <span class='ocrx_word' id='word_1_463' title='bbox 926 3653 999 3694; x_wconf 88' lang='lat' dir='ltr'>est</span> <span class='ocrx_word' id='word_1_464' title='bbox 1027 3655 1291 3697; x_wconf 85' lang='lat' dir='ltr'>nostrorum</span> <span class='ocrx_word' id='word_1_465' title='bbox 1314 3648 1533 3697; x_wconf 79' lang='lat' dir='ltr'>vultuum</span> <span class='ocrx_word' id='word_1_466' title='bbox 1559 3646 1839 3705; x_wconf 80' lang='lat' dir='ltr'>similitudo,</span> <span class='ocrx_word' id='word_1_467' title='bbox 1861 3645 2139 3708; x_wconf 80' lang='lat' dir='ltr'>videndum,</span> <span class='ocrx_word' id='word_1_468' title='bbox 2170 3653 2325 3693; x_wconf 82' lang='lat' dir='ltr'>utrum</span> 
     </span>
     <span class='ocr_line' id='line_1_41' title="bbox 115 3725 2362 3796; baseline -0.002 -19"><span class='ocrx_word' id='word_1_469' title='bbox 115 3728 251 3796; x_wconf 73' lang='lat'>[145]</span> <span class='ocrx_word' id='word_1_470' title='bbox 288 3730 452 3795; x_wconf 86' lang='lat' dir='ltr'>pictor</span> <span class='ocrx_word' id='word_1_471' title='bbox 474 3727 542 3776; x_wconf 85' lang='lat' dir='ltr'>sit</span> <span class='ocrx_word' id='word_1_472' title='bbox 562 3727 647 3791; x_wconf 87' lang='lat' dir='ltr'>qui</span> <span class='ocrx_word' id='word_1_473' title='bbox 681 3727 821 3792; x_wconf 83' lang='lat' dir='ltr'>dicit,</span> <span class='ocrx_word' id='word_1_474' title='bbox 841 3743 1010 3777; x_wconf 88' lang='lat' dir='ltr'>necne.</span> <span class='ocrx_word' id='word_1_475' title='bbox 1074 3728 1209 3778; x_wconf 70' lang='lat' dir='ltr'>Tun.</span> <span class='ocrx_word' id='word_1_476' title='bbox 1247 3728 1325 3777; x_wconf 85' lang='lat' dir='ltr'>Sic</span> <span class='ocrx_word' id='word_1_477' title='bbox 1348 3729 1553 3777; x_wconf 79' lang='lat' dir='ltr'>videtur.</span> <span class='ocrx_word' id='word_1_478' title='bbox 1621 3728 1707 3777; x_wconf 88' lang='lat' dir='ltr'>So.</span> <span class='ocrx_word' id='word_1_479' title='bbox 1742 3725 1972 3792; x_wconf 86' lang='lat' dir='ltr'>Nunquid</span> <span class='ocrx_word' id='word_1_480' title='bbox 1996 3726 2152 3791; x_wconf 89' lang='lat' dir='ltr'>pictor</span> <span class='ocrx_word' id='word_1_481' title='bbox 2171 3726 2329 3775; x_wconf 86' lang='lat' dir='ltr'>Theo·</span> <span class='ocrx_word' id='word_1_482' title='bbox 2355 3760 2362 3765; x_wconf 42' lang='lat'><strong><em>⁴</em></strong></span> 
     </span>
     <span class='ocr_line' id='line_1_42' title="bbox 115 3806 2329 3872; baseline -0 -16"><span class='ocrx_word' id='word_1_483' title='bbox 115 3811 280 3860; x_wconf 82' lang='lat' dir='ltr'>dorus?</span> <span class='ocrx_word' id='word_1_484' title='bbox 347 3812 491 3859; x_wconf 73' lang='lat' dir='ltr'>Tnx.</span> <span class='ocrx_word' id='word_1_485' title='bbox 527 3807 647 3857; x_wconf 86' lang='lat' dir='ltr'>Non</span> <span class='ocrx_word' id='word_1_486' title='bbox 684 3810 883 3857; x_wconf 79' lang='lat' dir='ltr'>adverti.</span> <span class='ocrx_word' id='word_1_487' title='bbox 951 3808 1037 3858; x_wconf 88' lang='lat' dir='ltr'>So.</span> <span class='ocrx_word' id='word_1_488' title='bbox 1072 3808 1402 3858; x_wconf 84' lang='lat' dir='ltr'>Geometricus</span> <span class='ocrx_word' id='word_1_489' title='bbox 1440 3809 1635 3859; x_wconf 71' lang='lat' dir='ltr'>autem?</span> <span class='ocrx_word' id='word_1_490' title='bbox 1699 3808 1832 3858; x_wconf 72' lang='lat' dir='ltr'>Tua.</span> <span class='ocrx_word' id='word_1_491' title='bbox 1866 3807 2079 3857; x_wconf 76' lang='lat' dir='ltr'>Maxime</span> <span class='ocrx_word' id='word_1_492' title='bbox 2114 3806 2329 3872; x_wconf 86' lang='lat' dir='ltr'>quidem,</span> 
     </span>
     <span class='ocr_line' id='line_1_43' title="bbox 114 3887 2329 3953; baseline -0.001 -14"><span class='ocrx_word' id='word_1_493' title='bbox 114 3904 140 3935; x_wconf 83' lang='lat' dir='ltr'><strong>o</strong></span> <span class='ocrx_word' id='word_1_494' title='bbox 160 3888 394 3942; x_wconf 83' lang='lat' dir='ltr'>Socrates.</span> <span class='ocrx_word' id='word_1_495' title='bbox 462 3891 552 3940; x_wconf 85' lang='lat' dir='ltr'>So.</span> <span class='ocrx_word' id='word_1_496' title='bbox 590 3890 675 3937; x_wconf 88' lang='lat' dir='ltr'>An</span> <span class='ocrx_word' id='word_1_497' title='bbox 697 3895 749 3937; x_wconf 87' lang='lat' dir='ltr'>et</span> <span class='ocrx_word' id='word_1_498' title='bbox 768 3896 1084 3947; x_wconf 85' lang='lat' dir='ltr'>astronomus,</span> <span class='ocrx_word' id='word_1_499' title='bbox 1106 3888 1403 3948; x_wconf 85' lang='lat' dir='ltr'>dialecticus,</span> <span class='ocrx_word' id='word_1_500' title='bbox 1427 3890 1656 3948; x_wconf 86' lang='lat' dir='ltr'>musicus,</span> <span class='ocrx_word' id='word_1_501' title='bbox 1676 3898 1726 3938; x_wconf 85' lang='lat' dir='ltr'>et</span> <span class='ocrx_word' id='word_1_502' title='bbox 1745 3889 2027 3952; x_wconf 85' lang='lat' dir='ltr'>reliquarum</span> <span class='ocrx_word' id='word_1_503' title='bbox 2050 3887 2329 3953; x_wconf 84' lang='lat' dir='ltr'>disciplina-</span> 
     </span>
     <span class='ocr_line' id='line_1_44' title="bbox 114 3959 2328 4038; baseline -0 -20"><span class='ocrx_word' id='word_1_504' title='bbox 114 3985 205 4020; x_wconf 83' lang='lat' dir='ltr'>rum</span> <span class='ocrx_word' id='word_1_505' title='bbox 244 3959 467 4038; x_wconf 80' lang='lat' dir='ltr'>peritus?</span> <span class='ocrx_word' id='word_1_506' title='bbox 537 3970 673 4019; x_wconf 71' lang='lat' dir='ltr'>Tna-</span> <span class='ocrx_word' id='word_1_507' title='bbox 706 3969 837 4020; x_wconf 77' lang='lat' dir='ltr'>Mihi</span> <span class='ocrx_word' id='word_1_508' title='bbox 871 3970 1065 4036; x_wconf 88' lang='lat' dir='ltr'>quidem</span> <span class='ocrx_word' id='word_1_509' title='bbox 1099 3969 1304 4020; x_wconf 81' lang='lat' dir='ltr'>videtur.</span> <span class='ocrx_word' id='word_1_510' title='bbox 1370 3971 1456 4020; x_wconf 84' lang='lat' dir='ltr'>So.</span> <span class='ocrx_word' id='word_1_511' title='bbox 1501 3970 1636 4018; x_wconf 90' lang='lat' dir='ltr'>Dum</span> <span class='ocrx_word' id='word_1_512' title='bbox 1675 3986 1787 4034; x_wconf 85' lang='lat' dir='ltr'>ergo</span> <span class='ocrx_word' id='word_1_513' title='bbox 1830 3970 1879 4017; x_wconf 87' lang='lat' dir='ltr'>in</span> <span class='ocrx_word' id='word_1_514' title='bbox 1919 3969 2078 4033; x_wconf 83' lang='lat' dir='ltr'>aliqua</span> <span class='ocrx_word' id='word_1_515' title='bbox 2120 3969 2328 4034; x_wconf 85' lang='lat' dir='ltr'>corporis</span> 
     </span>
     <span class='ocr_line' id='line_1_45' title="bbox 115 4049 2327 4117; baseline -0.003 -14"><span class='ocrx_word' id='word_1_516' title='bbox 115 4060 238 4114; x_wconf 66' lang='lat' dir='ltr'>parte</span> <span class='ocrx_word' id='word_1_517' title='bbox 257 4053 543 4103; x_wconf 83' lang='lat' dir='ltr'>consimiles</span> <span class='ocrx_word' id='word_1_518' title='bbox 566 4067 670 4100; x_wconf 85' lang='lat' dir='ltr'>esse</span> <span class='ocrx_word' id='word_1_519' title='bbox 692 4066 780 4099; x_wconf 88' lang='lat' dir='ltr'>nos</span> <span class='ocrx_word' id='word_1_520' title='bbox 802 4051 1052 4116; x_wconf 76' lang='lat' dir='ltr'>praedicat,</span> <span class='ocrx_word' id='word_1_521' title='bbox 1070 4050 1272 4100; x_wconf 87' lang='lat' dir='ltr'>laudans</span> <span class='ocrx_word' id='word_1_522' title='bbox 1293 4051 1645 4117; x_wconf 84' lang='lat' dir='ltr'>quodammodo</span> <span class='ocrx_word' id='word_1_523' title='bbox 1668 4050 1742 4099; x_wconf 74' lang='lat' dir='ltr'>vel</span> <span class='ocrx_word' id='word_1_524' title='bbox 1775 4050 2062 4114; x_wconf 81' lang='lat' dir='ltr'>vituperans,</span> <span class='ocrx_word' id='word_1_525' title='bbox 2086 4064 2184 4098; x_wconf 88' lang='lat' dir='ltr'>uon</span> <span class='ocrx_word' id='word_1_526' title='bbox 2207 4049 2327 4097; x_wconf 88' lang='lat' dir='ltr'>mul-</span> 
     </span>
     <span class='ocr_line' id='line_1_46' title="bbox 115 4128 2330 4198; baseline -0.002 -17"><span class='ocrx_word' id='word_1_527' title='bbox 115 4138 205 4181; x_wconf 84' lang='lat' dir='ltr'>tum</span> <span class='ocrx_word' id='word_1_528' title='bbox 226 4133 430 4185; x_wconf 81' lang='lat' dir='ltr'>illifidei</span> <span class='ocrx_word' id='word_1_529' title='bbox 454 4133 807 4184; x_wconf 79' lang='lat' dir='ltr'>adhibendum.</span> <span class='ocrx_word' id='word_1_530' title='bbox 872 4132 1007 4182; x_wconf 69' lang='lat' dir='ltr'>Tne·</span> <span class='ocrx_word' id='word_1_531' title='bbox 1041 4132 1175 4193; x_wconf 86' lang='lat' dir='ltr'>Non,</span> <span class='ocrx_word' id='word_1_532' title='bbox 1198 4141 1252 4183; x_wconf 87' lang='lat' dir='ltr'>ut</span> <span class='ocrx_word' id='word_1_533' title='bbox 1286 4141 1502 4198; x_wconf 85' lang='lat' dir='ltr'>apparet.</span> <span class='ocrx_word' id='word_1_534' title='bbox 1569 4133 1657 4182; x_wconf 82' lang='lat' dir='ltr'>So.</span> <span class='ocrx_word' id='word_1_535' title='bbox 1689 4131 1743 4181; x_wconf 83' lang='lat' dir='ltr'>si</span> <span class='ocrx_word' id='word_1_536' title='bbox 1777 4148 1917 4197; x_wconf 88' lang='lat' dir='ltr'>quem</span> <span class='ocrx_word' id='word_1_537' title='bbox 1940 4145 2050 4180; x_wconf 82' lang='lat' dir='ltr'>vero</span> <span class='ocrx_word' id='word_1_538' title='bbox 2087 4132 2146 4179; x_wconf 88' lang='lat' dir='ltr'>ab</span> <span class='ocrx_word' id='word_1_539' title='bbox 2184 4128 2330 4177; x_wconf 86' lang='lat' dir='ltr'>animi</span> 
     </span>
     <span class='ocr_line' id='line_1_47' title="bbox 114 4213 2331 4282; baseline -0.003 -22"><span class='ocrx_word' id='word_1_540' title='bbox 114 4213 273 4265; x_wconf 78' lang='lat' dir='ltr'>virtute</span> <span class='ocrx_word' id='word_1_541' title='bbox 296 4215 639 4282; x_wconf 77' lang='lat' dir='ltr'>sapientiaque</span> <span class='ocrx_word' id='word_1_542' title='bbox 661 4214 895 4273; x_wconf 77' lang='lat' dir='ltr'>laudaret,</span> <span class='ocrx_word' id='word_1_543' title='bbox 918 4229 1080 4265; x_wconf 87' lang='lat' dir='ltr'>nonne</span> <span class='ocrx_word' id='word_1_544' title='bbox 1100 4216 1377 4265; x_wconf 84' lang='lat' dir='ltr'>conveniret</span> <span class='ocrx_word' id='word_1_545' title='bbox 1398 4216 1501 4265; x_wconf 82' lang='lat' dir='ltr'>haec</span> <span class='ocrx_word' id='word_1_546' title='bbox 1523 4214 1752 4273; x_wconf 86' lang='lat' dir='ltr'>audienti,</span> <span class='ocrx_word' id='word_1_547' title='bbox 1775 4213 2015 4262; x_wconf 80' lang='lat' dir='ltr'>laudatum</span> <span class='ocrx_word' id='word_1_548' title='bbox 2039 4213 2191 4275; x_wconf 81' lang='lat' dir='ltr'>ipsum</span> <span class='ocrx_word' id='word_1_549' title='bbox 2214 4222 2331 4255; x_wconf 88' lang='lat' dir='ltr'>con·</span> 
     </span>
     <span class='ocr_line' id='line_1_48' title="bbox 117 4287 2330 4356; baseline -0.005 -12"><span class='ocrx_word' id='word_1_550' title='bbox 117 4292 327 4355; x_wconf 71' lang='lat' dir='ltr'>siderare,</span> <span class='ocrx_word' id='word_1_551' title='bbox 346 4297 557 4346; x_wconf 84' lang='lat' dir='ltr'>laudato</span> <span class='ocrx_word' id='word_1_552' title='bbox 580 4303 742 4344; x_wconf 87' lang='lat' dir='ltr'>autem</span> <span class='ocrx_word' id='word_1_553' title='bbox 768 4311 870 4345; x_wconf 89' lang='lat' dir='ltr'>sese</span> <span class='ocrx_word' id='word_1_554' title='bbox 890 4297 1175 4348; x_wconf 76' lang='lat' dir='ltr'>ostendere?</span> <span class='ocrx_word' id='word_1_555' title='bbox 1238 4297 1373 4348; x_wconf 70' lang='lat' dir='ltr'>Tne.</span> <span class='ocrx_word' id='word_1_556' title='bbox 1408 4297 1637 4356; x_wconf 87' lang='lat' dir='ltr'>Omnino,</span> <span class='ocrx_word' id='word_1_557' title='bbox 1657 4312 1688 4344; x_wconf 94' lang='lat' dir='ltr'>o</span> <span class='ocrx_word' id='word_1_558' title='bbox 1717 4295 1947 4343; x_wconf 86' lang='lat' dir='ltr'>Socrates.</span> <span class='ocrx_word' id='word_1_559' title='bbox 2013 4292 2098 4338; x_wconf 90' lang='lat' dir='ltr'>So.</span> <span class='ocrx_word' id='word_1_560' title='bbox 2129 4287 2278 4343; x_wconf 83' lang='lat' dir='ltr'>Vide,</span> <span class='ocrx_word' id='word_1_561' title='bbox 2299 4300 2330 4331; x_wconf 92' lang='lat' dir='ltr'>o</span> 
     </span>
     <span class='ocr_line' id='line_1_49' title="bbox 121 4364 2331 4441; baseline -0.002 -16"><span class='ocrx_word' id='word_1_562' title='bbox 121 4377 263 4427; x_wconf 74' lang='lat' dir='ltr'>amice</span> <span class='ocrx_word' id='word_1_563' title='bbox 284 4378 567 4441; x_wconf 72' lang='lat' dir='ltr'>Tbeoetete,</span> <span class='ocrx_word' id='word_1_564' title='bbox 590 4383 674 4426; x_wconf 88' lang='lat' dir='ltr'>tua</span> <span class='ocrx_word' id='word_1_565' title='bbox 696 4377 895 4425; x_wconf 78' lang='lat' dir='ltr'>interest</span> <span class='ocrx_word' id='word_1_566' title='bbox 918 4379 1184 4438; x_wconf 86' lang='lat' dir='ltr'>ostendere,</span> <span class='ocrx_word' id='word_1_567' title='bbox 1206 4395 1311 4428; x_wconf 83' lang='lat' dir='ltr'>mea</span> <span class='ocrx_word' id='word_1_568' title='bbox 1346 4377 1664 4439; x_wconf 79' lang='lat' dir='ltr'>considerare.</span> <span class='ocrx_word' id='word_1_569' title='bbox 1731 4375 1883 4434; x_wconf 85' lang='lat' dir='ltr'>Scito,</span> <span class='ocrx_word' id='word_1_570' title='bbox 1916 4386 2023 4421; x_wconf 82' lang='lat' dir='ltr'>cum</span> <span class='ocrx_word' id='word_1_571' title='bbox 2055 4364 2331 4413; x_wconf 62' lang='lat' dir='ltr'>wadm&#39;ffl</span> 
     </span>
     <span class='ocr_line' id='line_1_50' title="bbox 119 4441 2336 4571; baseline -0.005 -66"><span class='ocrx_word' id='word_1_572' title='bbox 119 4457 284 4508; x_wconf 76' lang='lat' dir='ltr'>nultos</span> <span class='ocrx_word' id='word_1_573' title='bbox 304 4460 427 4508; x_wconf 79' lang='lat' dir='ltr'>mihi</span> <span class='ocrx_word' id='word_1_574' title='bbox 452 4466 554 4508; x_wconf 81' lang='lat' dir='ltr'>tam</span> <span class='ocrx_word' id='word_1_575' title='bbox 580 4457 856 4524; x_wconf 77' lang='lat' dir='ltr'>peregrinos</span> <span class='ocrx_word' id='word_1_576' title='bbox 874 4473 1019 4525; x_wconf 87' lang='lat' dir='ltr'>quam</span> <span class='ocrx_word' id='word_1_577' title='bbox 1041 4462 1170 4510; x_wconf 79' lang='lat' dir='ltr'>cives</span> <span class='ocrx_word' id='word_1_578' title='bbox 1203 4460 1426 4527; x_wconf 81' lang='lat' dir='ltr'>laudarit,</span> <span class='ocrx_word' id='word_1_579' title='bbox 1445 4457 1629 4508; x_wconf 86' lang='lat' dir='ltr'>nullum</span> <span class='ocrx_word' id='word_1_580' title='bbox 1668 4453 1922 4515; x_wconf 75' lang='lat' dir='ltr'>majoribus</span> <span class='ocrx_word' id='word_1_581' title='bbox 1952 4462 2009 4496; x_wconf 83' lang='lat' dir='ltr'>ac</span> <span class='ocrx_word' id='word_1_582' title='bbox 2046 4441 2336 4571; x_wconf 51' lang='lat' dir='ltr'>tealagdibus</span> 
     </span>
     <span class='ocr_line' id='line_1_51' title="bbox 238 4540 1246 4592; baseline -0.002 0"><span class='ocrx_word' id='word_1_583' title='bbox 238 4541 381 4592; x_wconf 77' lang='lat' dir='ltr'>Ptat.</span> <span class='ocrx_word' id='word_1_584' title='bbox 413 4541 502 4591; x_wconf 83' lang='lat' dir='ltr'>Tr.</span> <span class='ocrx_word' id='word_1_585' title='bbox 1202 4540 1246 4590; x_wconf 84' lang='lat'>1.</span> 
     </span>
    </p>
   </div>
   <div class='ocr_carea' id='block_1_3' title="bbox 2892 0 2895 541">
    <p class='ocr_par' dir='ltr' id='par_1_3' title="bbox 2892 0 2895 541">
     <span class='ocr_line' id='line_1_52' title="bbox 2892 0 2895 541; baseline 0 0"><span class='ocrx_word' id='word_1_586' title='bbox 2892 0 2895 541; x_wconf 95' lang='lat' dir='ltr'> </span> 
     </span>
    </p>
   </div>
   <div class='ocr_carea' id='block_1_4' title="bbox 2891 694 2896 1355">
    <p class='ocr_par' dir='ltr' id='par_1_4' title="bbox 2891 694 2896 1355">
     <span class='ocr_line' id='line_1_53' title="bbox 2891 694 2896 1355; baseline 0 0"><span class='ocrx_word' id='word_1_587' title='bbox 2891 694 2896 1355; x_wconf 95' lang='lat' dir='ltr'> </span> 
     </span>
    </p>
   </div>
   <div class='ocr_carea' id='block_1_5' title="bbox 2892 1532 2895 2085">
    <p class='ocr_par' dir='ltr' id='par_1_5' title="bbox 2892 1532 2895 2085">
     <span class='ocr_line' id='line_1_54' title="bbox 2892 1532 2895 2085; baseline 0 0"><span class='ocrx_word' id='word_1_588' title='bbox 2892 1532 2895 2085; x_wconf 95' lang='lat' dir='ltr'> </span> 
     </span>
    </p>
   </div>
  </div>
 </body>
</html>
