2917 4975
453 423 572 480 430
1384 415 1785 478 nti-roms
2539 420 2643 501 [63

458 573 728 624 absurdum.
760 562 963 622 fortasse
975 578 1132 621 tamen
1164 568 1401 634 quandam
1426 569 1571 618 babet
1606 569 1850 618 rationem.
1914 566 2134 618 Profecto
2170 584 2320 619 senno
2353 569 2450 627 iiie,
2470 570 2554 634 qni
2584 570 2648 619 de

460 654 607 703 bisin
628 653 808 703 arcanis
829 653 1042 712 habetur,
1063 651 1112 699 in
1134 650 1336 715 quadam
1359 650 1575 698 custodia
1604 662 1706 698 esse
1738 648 1971 713 homines,
2001 665 2156 714 neque
2188 650 2356 700 decere
2376 665 2649 715 quenquam

460 751 518 783 ex
541 737 631 784 hac
650 734 853 797 seipsum
875 732 1052 781 solvere
1072 745 1227 794 neque
1248 730 1492 794 aufugere,
1515 744 1711 794 magnus
1728 727 1922 792 quidem
1942 729 2058 778 mihi
2073 730 2257 780 videtur
2275 745 2431 794 neque
2449 730 2650 795 cognitu

459 814 631 865 facilis.
694 812 1032 862 Verumtamen
1049 812 1103 860 id
1124 810 1258 872 mihi,
1279 826 1310 858 o
1327 809 1503 865 Cebes,
1518 815 1644 858 recte
1674 815 1874 873 apparet
1893 808 2094 872 dictum,
2125 808 2260 858 Deos
2287 810 2478 873 quidem
2491 824 2653 860 curam

458 896 631 944 habere
649 901 857 945 nostrum
876 911 893 956 ς
926 909 1015 941 nos
1034 907 1145 941 vero
1168 890 1381 939 homines
1401 904 1545 939 unam
1566 889 1804 952 quandam
1826 904 1885 938 ex
1905 889 2276 952 possessionibus
2296 905 2399 939 esse
2419 889 2652 957 Deorum.

463 991 526 1024 an
548 975 733 1024 nonita
753 975 842 1024 tibi
863 973 1087 1022 videtur?
1151 971 1246 1020 Cn.
1277 970 1406 1019 Mihi
1427 969 1642 1034 quidem.
1706 970 1793 1018 So.
1827 967 2003 1018 Nonne
2023 968 2165 1033 igitur
2194 977 2246 1017 et
2277 976 2348 1027 tu,
2369 971 2410 1017 si
2441 970 2556 1034 quid
2591 986 2652 1020 ex

463 1054 712 1119 mancipiis
732 1055 826 1104 tuis
838 1054 1044 1118 seipsum
1065 1052 1333 1116 perimeret,
1351 1065 1461 1100 cum
1485 1058 1538 1098 tn
1557 1049 1692 1098 nullo
1714 1049 1855 1099 modo
1875 1050 1923 1097 id
1946 1048 2252 1114 permisisses,
2273 1050 2530 1100 irascereris
2549 1050 2645 1100 uti·

462 1150 556 1200 que
595 1134 682 1190 illi,
705 1142 770 1192 et,
792 1135 832 1182 si
869 1141 1147 1197 potestatem
1179 1133 1394 1194 haberes,
1415 1145 1558 1194 poena
1592 1130 1796 1194 quadam
1833 1130 2037 1179 afficeres
2060 1130 2079 1178 ἓ
2146 1130 2242 1180 Cn.
2278 1129 2504 1179 Omnino.
2565 1130 2652 1179 So.

464 1215 604 1265 Forte
623 1214 769 1278 igitur
788 1215 880 1262 hac
895 1213 1074 1262 ratione
1095 1212 1224 1260 baud
1245 1219 1413 1275 proter
1431 1209 1662 1260 rationem
1684 1218 1773 1268 est,
1794 1225 1891 1259 non
1914 1210 2043 1274 prius
2060 1210 2229 1260 decere
2246 1209 2452 1276 seipsum
2472 1210 2648 1258 interfi-

461 1310 585 1353 cere,
607 1309 747 1359 quam
770 1292 904 1342 Deus
925 1291 1252 1342 necessitatem
1283 1290 1488 1355 aliquam
1527 1290 1821 1355 imposuerit,
1843 1288 2030 1354 qualem
2052 1288 2190 1338 nobis
2209 1289 2438 1354 imposuit
2455 1289 2506 1338 in
2530 1304 2650 1353 prm-

461 1375 630 1424 sentia.
696 1375 789 1424 Cn.
823 1373 1203 1423 Consentaneum
1224 1371 1275 1420 id
1295 1371 1489 1436 quidem
1524 1379 1736 1436 apparet.
1801 1371 1947 1429 Quod
1969 1385 2079 1419 vero
2100 1369 2292 1418 dicebas
2313 1370 2471 1430 modo,
2491 1369 2650 1434 pbilo-

461 1455 637 1519 sopbos
672 1452 893 1517 perfacile
913 1451 1035 1501 velle
1067 1452 1205 1514 mori,
1236 1451 1506 1508 absurdum,
1539 1467 1570 1499 o
1609 1449 1846 1509 Socrates,
1864 1451 2051 1499 videtur
2083 1465 2218 1512 esse3
2249 1449 2500 1516 siquidem,
2518 1449 2649 1513 quod

462 1550 590 1585 nunc
610 1534 831 1596 diximus,
846 1533 1072 1581 rationem
1094 1533 1256 1595 habet,
1276 1530 1436 1580 Deum
1460 1531 1684 1580 videlicet
1701 1537 1910 1580 nostrum
1933 1546 2040 1579 esse
2058 1537 2338 1593 curatorem,
2358 1545 2446 1578 nos
2465 1544 2576 1578 vero
2595 1530 2647 1578 in

464 1616 604 1663 rebus
620 1613 724 1678 ejus
745 1614 922 1678 positos
943 1629 1061 1665 esse.
1125 1611 1318 1661 Nullam
1340 1612 1467 1662 enirn
1489 1612 1539 1660 id
1577 1611 1805 1661 rationem
1840 1611 2001 1675 babet,
2024 1610 2410 1675 prudentissimos
2429 1610 2653 1660 videlicet

463 1694 679 1744 bomines
714 1708 811 1741 non
848 1708 969 1758 egre
1004 1693 1141 1750 ferre,
1163 1694 1224 1741 ab
1255 1707 1314 1741 ea
1346 1706 1457 1741 cura
1490 1706 1541 1740 se
1573 1691 1796 1749 amoveri,
1817 1705 1958 1755 quam
1990 1691 2080 1739 sibi
2110 1698 2333 1755 prestant
2353 1689 2459 1748 Dii,
2480 1690 2649 1755 optimi

465 1776 673 1824 omnium
695 1790 843 1824 rerum
865 1775 1213 1838 gubernatores.
1277 1772 1537 1839 Nunquam
1558 1772 1685 1822 enim
1707 1779 1895 1837 putaret
1918 1772 1985 1819 vir
2004 1772 2228 1835 prudens,
2248 1772 2403 1835 ipsum
2437 1787 2491 1820 se
2517 1770 2652 1819 meli-

466 1870 523 1904 us
543 1870 646 1903 esse
665 1862 950 1916 curaturum,
970 1853 1010 1903 si
1033 1854 1152 1903 liber
1171 1852 1395 1903 evaserit:
1431 1853 1515 1902 sed
1533 1853 1730 1901 demens
1750 1850 1922 1917 aliquis
1940 1850 2136 1900 forsitan
2168 1851 2218 1900 id
2241 1858 2449 1915 putaret,
2467 1850 2652 1916 fugim-

465 1935 580 1984 dum
600 1933 785 1983 scilicet
803 1948 905 1981 esse
927 1949 957 1981 a
977 1932 1171 1982 domino
1191 1951 1208 1994 ς
1239 1947 1395 1997 neque
1416 1930 1646 1996 cogitaret
1674 1946 1772 1980 non
1792 1946 1893 1980 esse
1915 1931 1984 1989 id,
2004 1930 2134 1995 quod
2154 1932 2334 1981 bonum
2353 1940 2444 1989 est,
2464 1932 2650 1996 fugien-

466 2016 599 2073 dum,
621 2012 776 2077 sedin
798 2029 858 2063 eo
879 2013 1078 2061 maxime
1100 2013 1488 2077 permanendum.
1521 2012 1725 2076 ideoque
1744 2012 1923 2076 absque
1952 2012 2132 2061 ratione
2149 2012 2352 2077 fugeret.
2418 2012 2516 2070 Qui
2539 2026 2646 2060 vero

465 2102 670 2143 mentem
690 2094 851 2151 habet,
872 2107 1056 2158 semper
1074 2093 1204 2157 apud
1227 2107 1353 2149 eum,
1374 2093 1458 2155 qui
1479 2092 1542 2139 sit
1562 2090 1746 2155 melior,
1762 2106 1865 2141 esse
1881 2090 2034 2156 cupit.
2098 2091 2262 2157 Atque
2277 2091 2365 2149 ita,
2377 2092 2653 2149 oSocrates,

465 2181 628 2224 contra
657 2174 851 2224 omnino
884 2173 1169 2224 conveniens
1200 2187 1302 2222 esse
1322 2172 1511 2222 videtur
1541 2187 1684 2236 quam
1716 2174 1845 2236 quod
1879 2172 2023 2237 paulo
2058 2180 2169 2222 ante
2192 2171 2453 2222 dicebatur.
2515 2173 2652 2236 Sapi·
2687 2214 2699 2225 .

468 2263 602 2304 entes
638 2254 829 2319 quidem
862 2255 1030 2304 decere
1067 2254 1266 2319 graviter
1299 2260 1495 2303 mortem
1527 2253 1682 2315 ferre,
1713 2253 1990 2318 insipientes
2009 2268 2119 2302 vero
2155 2253 2370 2305 libenter.
2434 2253 2649 2302 See-:m

466 2335 624 2400 igitur,
646 2351 752 2385 cum
776 2336 878 2384 haec
899 2336 1121 2393 audisset,
1143 2334 1367 2383 delectari
1386 2333 1513 2383 visus
1525 2342 1599 2383 est
1620 2334 1801 2399 argutia
1834 2332 1949 2399 [63]
1985 2334 2194 2384 Cebetis.
2224 2348 2569 2398 conversusque
2587 2333 2653 2381 ad

470 2431 575 2473 nos,
599 2416 810 2480 Semper,
843 2416 1016 2481 inquit,
1047 2416 1127 2464 hic
1160 2415 1314 2465 Cebes
1351 2414 1556 2465 rationes
1586 2415 1812 2479 quasdam
1844 2422 2185 2482 perscrutatur3
2217 2430 2373 2479 noque
2400 2414 2653 2462 admodum

471 2497 628 2555 facile,
651 2498 777 2560 quod
816 2497 969 2562 quivis
996 2496 1186 2560 dixerit,
1205 2496 1309 2546 vult
1340 2497 1606 2546 admittere.
1670 2497 1806 2547 Tunc
1838 2496 2072 2556 Simmiae,
2093 2497 2219 2545 Mihi
2248 2511 2458 2560 quoque,
2479 2494 2652 2561 inquit,

471 2577 687 2626 nonnihil
712 2579 897 2627 videtur
929 2577 1082 2628 Cebes
1103 2579 1277 2627 dicere.
1343 2579 1457 2636 Quo
1489 2578 1615 2626 enim
1647 2577 1845 2627 consilio
1876 2576 2115 2643 sapientes
2135 2576 2220 2625 viri
2255 2576 2469 2625 meliores
2500 2589 2658 2625 revera

472 2673 610 2720 quam
634 2656 725 2720 ipsi
745 2658 856 2715 sint,
878 2659 1063 2721 fugiant
1085 2658 1270 2724 illisque
1290 2674 1447 2708 carere
1467 2658 1608 2708 facile
1629 2658 1899 2723 patiantur?
1967 2658 2120 2722 Atqui
2156 2656 2273 2705 mihi
2291 2657 2479 2707 videtur
2498 2656 2652 2706 Ceba

472 2752 731 2785 sermonem
753 2737 801 2785 in
826 2747 873 2786 te
894 2738 1153 2795 intendere,
1170 2739 1299 2803 quod
1324 2747 1417 2787 tam
1433 2738 1576 2788 facile
1598 2747 1648 2787 et
1668 2755 1756 2788 nos
1777 2738 2013 2803 relinquas
2034 2746 2085 2788 et
2098 2738 2248 2796 Deos,
2268 2745 2323 2786 ut
2339 2744 2391 2785 tu
2412 2738 2516 2801 ipse
2535 2736 2653 2785 fate·

471 2816 549 2873 ris,
573 2816 806 2882 principes
826 2818 991 2870 bonos.
1055 2818 1087 2869 J
1090 2825 1196 2867 usta
1217 2819 1391 2875 dicitis,
1412 2815 1573 2884 inquit
1592 2820 1825 2869 Socrates.
1857 2819 2050 2868 arbitror
2069 2819 2193 2868 enim
2216 2833 2299 2866 vos
2311 2818 2486 2875 dicere,
2507 2818 2652 2880 meip-

469 2913 572 2945 sum
602 2905 823 2962 tanquam
860 2900 910 2948 in
934 2899 1119 2963 judicio
1157 2908 1372 2965 oportere
1404 2916 1620 2966 purgare.
1687 2900 1808 2948 Sus.
1841 2900 1907 2948 Et
1944 2899 2143 2949 maxime
2162 2898 2375 2964 quidem.
2438 2900 2519 2948 So.
2549 2897 2656 2962 Ago

472 2995 601 3043 ergo,
623 2982 829 3030 conabor
849 2996 976 3030 nunc
996 2983 1125 3044 apud
1150 2998 1232 3031 vos
1252 2982 1533 3037 accuratius,
1556 2996 1697 3046 quam
1735 2997 1888 3046 nuper
1918 2982 2049 3045 apud
2080 2979 2440 3029 Atheniensium
2465 2978 2651 3042 judices

474 3056 683 3118 fecerim,
708 3078 782 3112 me
803 3063 1073 3116 defendere.
1139 3062 1391 3128 Equidem,
1413 3077 1442 3112 o
1464 3062 1658 3111 Simmia
1678 3070 1819 3127 atque
1841 3061 2016 3126 Cebes,
2034 3060 2126 3110 nisi
2148 3076 2224 3110 me
2243 3061 2544 3124 migraturum
2564 3074 2653 3123 pu-

474 3152 618 3193 tarem
640 3142 841 3206 primum
857 3144 1050 3208 quidem
1073 3143 1134 3192 ad
1155 3144 1290 3192 Deos
1312 3144 1429 3192 alios
1444 3143 1682 3207 sapientes
1704 3151 1755 3192 et
1775 3145 1941 3199 bonos,
1964 3143 2140 3191 deinde
2153 3142 2214 3190 ad
2230 3141 2443 3189 homines
2460 3138 2654 3188 defunc-

478 3233 551 3271 tos
571 3223 666 3286 his,
688 3223 768 3288 qui
792 3223 869 3273 hic
890 3231 1019 3288 sunt,
1038 3225 1271 3281 meliores,
1292 3224 1472 3288 injuste
1502 3239 1685 3287 agerem
1718 3240 1815 3272 non
1848 3223 2044 3272 moleste
2065 3223 2217 3272 ferens
2239 3230 2453 3284 mortem,
2516 3220 2655 3269 Nunc

472 3311 599 3351 certe
621 3304 860 3367 habetote,
879 3320 1062 3368 sperare
1095 3320 1169 3354 me
1201 3306 1262 3353 ad
1284 3306 1406 3353 viros
1440 3305 1591 3353 bonos
1628 3305 1816 3354 iturum.
1849 3306 1931 3353 sed
1966 3305 2056 3353 hoc
2088 3303 2281 3367 quidem
2315 3301 2442 3350 baud
2463 3301 2656 3349 omnino

475 3397 799 3432 asseverarem.
868 3383 1012 3442 Quod
1036 3401 1143 3434 vero
1164 3385 1226 3434 ad
1250 3385 1381 3435 Deos
1404 3386 1622 3434 dominos
1644 3384 1781 3433 valde
1811 3385 1964 3432 bonos
1993 3385 2139 3433 iturus
2175 3382 2281 3440 sim,
2317 3389 2495 3431 certum
2517 3383 2662 3429 habe·

477 3469 596 3517 tote,
619 3461 660 3509 si
675 3463 791 3524 quid
813 3463 942 3512 aliud
963 3465 1211 3529 ejusmodi,
1233 3473 1283 3514 et
1302 3468 1395 3515 hoc
1418 3465 1582 3529 utique
1602 3482 1678 3515 mc
1694 3465 2041 3514 affirmaturum.
2108 3463 2365 3527 Propterea
2384 3461 2513 3510 baud
2533 3459 2659 3508 simi-

478 3541 586 3590 liter
607 3548 804 3589 mortem
828 3544 1021 3592 moleste
1043 3546 1140 3594 sero
1164 3565 1174 3593 :
1212 3547 1294 3595 sed
1328 3548 1453 3594 bono
1489 3547 1645 3594 animo
1679 3561 1817 3606 sum3
1848 3559 2077 3608 speroque
2110 3557 2352 3607 superesse
2371 3541 2547 3606 aliquid
2570 3540 2659 3597 his,

477 3625 560 3689 qui
582 3624 796 3673 defuncti
817 3634 955 3684 sunt3
987 3636 1146 3687 atque,
1184 3636 1237 3673 ut
1266 3627 1367 3689 jam
1400 3628 1485 3675 diu
1505 3627 1695 3681 dicitur,
1720 3626 1868 3674 multo
1891 3624 2057 3673 melius
2078 3625 2212 3672 bonis
2231 3623 2331 3671 sore
2350 3637 2491 3686 quam
2512 3622 2662 3670 malis.

476 3707 597 3754 Sua.
630 3705 890 3768 Quidnam,
912 3719 941 3752 o
963 3704 1193 3759 Socrates,
1215 3707 1394 3769 cogitas
1416 3707 1434 3753 ?
1469 3706 1684 3771 nunquid
1708 3707 1810 3771 ipse
1832 3721 1939 3755 cum
1954 3704 2107 3752 isthac
2122 3703 2351 3752 sententia
2364 3701 2476 3751 binc
2493 3702 2619 3750 abire
2640 3701 2659 3748 ἓ

477 3800 538 3832 an
561 3802 648 3833 nos
668 3801 855 3850 quoque
876 3783 1127 3850 participes
1146 3785 1249 3848 ejus
1270 3785 1567 3850 relinquere?
1600 3802 1771 3850 nempe
1792 3801 2040 3836 commune
2061 3784 2200 3833 nobis
2219 3798 2410 3847 quoque
2423 3782 2473 3832 id
2492 3784 2659 3831 bonum

478 3865 673 3913 arbitror
691 3881 793 3915 esse
830 3868 1016 3916 debere.
1050 3874 1271 3931 praeterea
1301 3868 1372 3915 ita
1402 3868 1592 3915 demum
1625 3875 1672 3916 te
1706 3869 1833 3932 apud
1868 3882 1953 3915 nos
1983 3864 2268 3930 purgaveris,
2306 3865 2365 3921 si,
2401 3878 2508 3927 quse
2527 3861 2662 3915 dicis,

479 3946 618 3993 nobis
640 3946 780 3993 etiam
803 3948 1098 4010 persuaseris.
1165 3948 1252 3998 So.
1286 3947 1427 3997 Dabo
1450 3947 1672 4013 equidem
1695 3963 1904 4012 operam.
1938 3946 2023 3995 sed
2045 3945 2285 3994 Critonem
2319 3944 2449 4008 prius
2480 3939 2665 3991 auscul-

480 4033 651 4073 temus.
688 4024 871 4074 videtur
902 4029 1025 4075 enim
1065 4028 1180 4076 mihi
1205 4028 1488 4092 jamdudum
1522 4028 1740 4077 nonnihil
1772 4027 2033 4091 significare
2065 4024 2204 4075 velie.
2273 4025 2392 4074 Cur.
2427 4023 2664 4082 Quidnam

478 4114 618 4170 putas
638 4104 788 4168 aliud,
809 4122 839 4153 o
860 4106 1093 4164 Socrates,
1113 4124 1255 4172 quam
1277 4110 1408 4173 quod
1435 4108 1718 4173 jamdudum
1755 4108 1869 4156 mibi
1907 4105 2030 4155 dicit
2048 4105 2106 4161 is,
2127 4105 2213 4170 qui
2233 4105 2319 4153 tibi
2342 4118 2575 4153 venenum
2595 4108 2667 4150 est

479 4188 671 4237 daturus
693 4188 711 4237 ?
737 4186 877 4251 jubet
896 4187 1023 4236 enim
1045 4195 1092 4237 te
1115 4190 1311 4252 moneri,
1334 4197 1388 4237 ut
1403 4205 1545 4253 quam
1570 4189 1834 4254 parcissime
1849 4187 2085 4252 loquaris:
2122 4186 2288 4234 dicens
2304 4183 2479 4248 eosqui
2499 4183 2668 4247 dispu-

479 4276 601 4326 tant,
638 4269 835 4319 nimium
874 4269 1152 4319 incalescere
1172 4289 1184 4317 ι
1220 4270 1338 4318 nihii
1369 4285 1480 4319 vero
1513 4270 1608 4318 tale
1645 4269 1860 4319 bibituris
1880 4282 2116 4316 venenum
2154 4264 2421 4316 convenire.
2453 4261 2665 4326 alioquin

480 4365 582 4412 eos,
602 4351 686 4414 qui
709 4351 757 4399 id
782 4353 990 4408 fecerint,
1012 4351 1120 4416 cogi
1141 4351 1373 4402 interdum
1397 4352 1485 4406 bis,
1507 4350 1791 4416 quaudoque
1811 4356 1884 4398 ter
1899 4364 2133 4398 venenum
2156 4347 2331 4396 bibere.
2396 4345 2479 4393 So.
2515 4343 2664 4391 Mitte

478 4427 653 4490 ipsum.
686 4439 869 4483 tantum
894 4434 966 4495 id,
986 4433 1117 4500 quod
1148 4440 1222 4484 cst
1253 4432 1395 4485 officii
1427 4431 1549 4498 ejus,
1570 4441 1720 4499 paret,
1743 4438 1970 4498 tanquam
2004 4429 2076 4480 bis
2108 4436 2178 4491 et,
2209 4426 2251 4478 si
2280 4423 2558 4493 oportuerit,
2597 4431 2665 4471 tst
