2917 4975
181 471 334 554 ‘2311
1089 473 1518 538 sormam.
2274 477 2393 536 347

179 627 515 679 dem'vetsrem
549 643 608 679 ac
631 629 847 695 patriam,
866 643 960 696 qua
981 628 1349 696 adversusltitlos
1371 630 1573 678 maxime
1594 630 1868 696 utebantur,
1892 635 2095 678 ernunc
2106 628 2261 677 etlam
2281 627 2387 694 ple-

177 709 314 774 rique
334 717 548 768 utuntur,
570 710 979 775 quotienscunque
998 708 1299 774 delinquunt,
1325 709 1486 774 ’[280]
1521 710 1690 775 partim
1714 710 1915 775 graviter
1935 709 2259 774 objurgantes,
2280 722 2389 772 par-

177 789 268 838 tim
289 790 450 838 mitius
468 791 794 839 admonentes.
844 789 1127 839 Universum
1149 792 1240 839 hoc
1262 789 1637 840 admonitionem
1661 805 1910 855 possumus
1931 804 2221 854 nuncupare.
2251 789 2385 841 Tne.

176 869 262 918 Ita
281 877 371 918 est.
403 869 505 919 Ho.
535 870 599 920 id
621 870 835 935 profecto
857 870 1073 919 nonnulli
1097 885 1253 919 secum
1277 887 1431 920 rursus
1453 872 1781 921 ratiocinando
1797 870 2018 935 sibiipsis
2033 876 2388 928 concesserunt,

177 961 373 999 emnem
401 949 633 1000 inscitiam
653 949 1016 999 involuntariam
1049 965 1152 1000 esse
1173 951 1454 1015 putandam,
1475 951 1753 1016 nullumque
1790 952 1972 1001 discere
1999 951 2101 1010 illa,
2123 965 2231 1015 qum
2263 950 2385 1000 scire

178 1030 348 1088 credit,
370 1030 715 1090 affectaturum,
736 1030 979 1096 multoque
1001 1030 1161 1079 labore
1182 1030 1499 1080 admonitoria
1517 1031 1771 1096 disciplina
1790 1032 1868 1080 vix
1881 1031 2136 1096 quicquam
2157 1029 2385 1095 proficere

178 1124 339 1174 posse.
401 1110 534 1160 Tne.
565 1110 720 1162 Recte
758 1118 946 1176 putant.
1013 1110 1116 1160 Ho.
1151 1110 1284 1169 Quin
1326 1112 1469 1178 etiam
1505 1111 1600 1159 alia
1641 1113 1846 1175 quadam
1889 1097 1967 1159 'via
2004 1114 2068 1160 ad
2106 1110 2382 1175 opinionem

179 1188 457 1254 hujusmodi
479 1191 733 1242 eruendam
750 1197 971 1257 pergunt.
1025 1190 1161 1240 Tne.
1194 1190 1450 1247 Quanam?
1510 1190 1618 1240 flo.
1640 1191 1915 1254 Exqulrunt
1926 1190 2379 1256 sciscitanturquein

173 1268 258 1318 bis
280 1271 438 1329 rebus,
460 1287 578 1336 quas
594 1272 701 1336 quis
724 1271 902 1336 optime
923 1270 1188 1333 intelligere
1210 1279 1258 1318 et
1281 1272 1541 1333 exprimere
1561 1270 1823 1329 arbitratur,
1844 1285 1953 1319 cum
1973 1270 2094 1319 nihil
2116 1271 2212 1319 veri
2232 1273 2381 1322 dicat.

179 1348 378 1400 Deinde
397 1353 646 1401 errantium
669 1352 919 1416 opiniones
937 1350 1077 1399 facile
1094 1349 1374 1408 discutiunt,
1395 1365 1570 1414 easque
1586 1350 1843 1399 rationibus
1857 1349 2154 1414 colligentes,
2167 1349 2220 1399 in
2233 1366 2378 1401 uuum

173 1427 384 1480 invicem
405 1432 716 1483 conducunt:
740 1438 884 1494 atque
904 1430 1010 1478 illas
1024 1429 1281 1498 ostendunt
1302 1429 1390 1478 sibi
1410 1427 1527 1493 ipsis
1547 1431 1610 1478 de
1624 1429 1795 1479 iisdem
1818 1437 1868 1478 et
1884 1431 1945 1478 ad
1959 1430 2125 1478 eadem
2144 1438 2195 1478 et
2214 1446 2382 1481 secun·

175 1509 295 1560 dum
318 1511 488 1560 eadem
508 1527 611 1560 esse
632 1511 902 1560 contrarias.
966 1509 1047 1558 Illi
1071 1510 1294 1559 vero-hoc
1325 1511 1641 1574 inspicientes
1670 1526 1827 1560 secum
1859 1511 1955 1575 ipsi
1976 1510 2298 1575 indignantur,
2328 1520 2382 1564 et

170 1603 292 1656 erga
314 1590 433 1638 alios
471 1591 608 1639 mites
629 1592 869 1640 evaduntt
902 1597 1045 1655 atque
1077 1591 1169 1639 hoc
1191 1598 1332 1654 pacto
1352 1606 1550 1656 magnas
1583 1592 1817 1656 durasque
1839 1590 2088 1656 opiniones
2109 1591 2380 1656 deponunt.

170 1686 290 1736 quse
327 1668 521 1735 quidem
554 1670 772 1720 liberatio
810 1670 977 1720 auditu
1017 1670 1344 1720 liberationum
1383 1672 1592 1721 omnium
1624 1671 1969 1737 jucundissima
2002 1678 2077 1721 est
2109 1679 2161 1720 et
2189 1687 2240 1722 re
2272 1687 2383 1724 vera

172 1750 457 1802 firmissima.
516 1750 790 1820 Enimvero,
822 1767 852 1799 o
875 1750 1054 1800 dilecte
1074 1766 1207 1816 puer,
1231 1750 1314 1816 qui
1347 1753 1432 1801 bos
1467 1767 1666 1817 purgare
1702 1752 2054 1817 aggrediuntur,
2072 1751 2199 1800 hand
2222 1767 2379 1813 secus,

173 1846 323 1896 quam
347 1814 520 1881 medici
543 1847 758 1897 corpora,
792 1832 1027 1881 curandos
1062 1831 1347 1880 existimant.
1413 1831 1603 1881 Medici
1637 1847 1840 1896 namque
1870 1833 2081 1895 tradunt,
2116 1832 2377 1882 salubribus

172 1911 334 1978 epuiis
352 1927 449 1960 non
489 1913 618 1977 prius
638 1914 805 1961 nutriri
827 1927 1017 1976 corpus,
1053 1927 1194 1978 quam
1216 1912 1557 1978 impedimenta
1579 1914 1833 1979 pellantur.
1896 1911 2127 1962 Similiter
2158 1912 2237 1962 isti
2276 1929 2375 1963 non

177 1991 314 2057 prius
350 1993 561 2057 egregias
599 1993 836 2043 doctrinas
870 1993 1081 2042 conferre
1116 1991 1286 2042 animo
1321 2001 1536 2058 censent.
1574 2010 1714 2060 quam
1754 1994 2030 2059 redargutus
2058 1993 2098 2042 is
2119 1994 2201 2057 qui
2233 2002 2374 2055 errat,

174 2073 444 2132 uubescat,
461 2074 753 2140 repulsisque
768 2075 994 2124 doctrinae
1009 2074 1378 2140 impedimentis,
1395 2075 1524 2124 falsis
1536 2076 1758 2126 videlicet
1774 2076 2094 2141 opinionibus,
2109 2087 2254 2139 purus
2267 2091 2378 2124 eva·

171 2151 282 2217 dat,
303 2168 393 2202 nec
414 2153 507 2201 alia
529 2162 695 2218 praeter
714 2155 799 2203 illa
820 2171 927 2219 quae
945 2155 1114 2213 noscit,
1136 2171 1274 2204 nosse
1296 2171 1346 2204 se
1365 2163 1517 2220 putet.
1578 2155 1712 2224 Tne.
1747 2154 1970 2220 Optimus
1984 2155 2378 2204 modestissimus·

171 2245 270 2299 que
294 2233 501 2282 omnium
519 2231 811 2304 habitushic
833 2242 923 2284 est.
975 2234 1089 2303 iio.
1123 2235 1213 2283 His
1235 2235 1298 2283 de
1319 2236 1491 2292 causis,
1515 2251 1545 2282 o
1563 2235 1825 2292 sseaetete,
1849 2236 2125 2296 dicendum,
2145 2249 2373 2283 summam

167 2313 558 2380 pmcipuamque
597 2315 921 2377 purgationem
955 2330 1057 2386 esse
1090 2314 1501 2384 redargutionem:
1544 2329 1710 2363 eumve
1744 2314 1831 2378 qui
1863 2328 1961 2362 non
1981 2313 2255 2376 redargutus
2287 2320 2383 2384 est,

166 2391 360 2443 etiamsi
382 2410 461 2442 rex
500 2409 696 2457 magnus
717 2395 793 2451 sit,
833 2393 1218 2460 quandoquidem
1243 2394 1292 2442 in
1316 2394 1531 2442 maximis
1554 2402 1625 2442 est
1646 2393 1876 2460 impurus,
1908 2393 2071 2442 rudem
2095 2400 2378 2456 turpemque

167 2490 280 2524 esse
303 2473 565 2522 secundum
587 2473 685 2532 illa,
707 2474 877 2539 quibus
898 2473 1172 2539 purissimus
1194 2473 1629 2539 pulcherrimasque
1648 2489 1751 2523 csse
1770 2471 2377 2542 debet‚quisquisest1ciit

167 2570 218 2606 re
240 2568 358 2605 vera
380 2554 578 2604 futurus.
638 2553 768 2603 Tua.
802 2555 884 2604 Sic
907 2563 979 2602 est
998 2554 1655 2614 omnino.1·Io.Quosnam
1688 2555 1901 2604 homines
1919 2561 2018 2604 arte
2043 2553 2132 2603 linc
2152 2553 2224 2603 uti
2244 2554 2379 2604 diee-

167 2653 310 2686 mus.
298 2636 319 2669 ²
385 2634 565 2684 Vereor
585 2635 710 2683 enim
742 2634 977 2699 sophistas
1008 2635 1160 2701 [231]
1195 2635 1369 2685 dicere.
1433 2636 1568 2686 Tun.
1601 2617 1947 2696 Quamobrem.
1936 2636 1955 2672 ³
2014 2634 2124 2707 Ἠο.
2157 2634 2237 2686 Ne
2268 2634 2378 2685 ilios

169 2719 283 2786 plus
322 2732 467 2784 quam
503 2716 689 2775 deceat,
728 2717 1025 2766 honoremus.
1087 2716 1219 2769 Tun.
1255 2712 1622 2789 Veruntamen
1621 2733 1729 2783 quae
1769 2718 1913 2766 modo
1949 2717 2079 2767 diets
2117 2723 2248 2775 sunt,
2289 2716 2379 2767 nti

169 2800 363 2850 cuidam
386 2796 554 2846 similia
574 2812 678 2846 esse
700 2796 931 2846 videntur.
988 2795 1096 2846 Ho.
1128 2796 1281 2863 Atqui
1304 2797 1445 2847 etiam
1471 2780 1578 2847 cani
1594 2798 1759 2863 lupus,
1780 2798 1980 2847 maxime
2009 2798 2135 2847 ferus
2154 2811 2375 2847 mausue-

168 2879 371 2928 tissime.
435 2878 557 2926 Eum
580 2893 709 2936 vero,
733 2877 816 2943 qui
838 2894 867 2926 a
887 2877 1171 2942 deceptione
1195 2885 1322 2927 tutus
1347 2879 1502 2926 vivere
1524 2878 1686 2942 debet,
1708 2893 1736 2926 a
1752 2857 2058 2926 similitudine
2078 2888 2373 2941 s-umopere

170 2974 339 3010 cavere
359 2966 561 3024 oportet.
625 2959 878 3010 Lubricum
902 2974 1039 3024 porro
1061 2966 1111 3007 et
1132 2959 1371 3007 occultum
1394 2958 1487 3006 hoc
1510 2974 1677 3021 genus.
1743 2958 1835 3004 Sed
1852 2964 1973 3005 esto.
1993 2955 2288 3019 nequeenim
2305 2954 2368 3002 ds

169 3039 356 3105 exiguis
376 3039 582 3089 terminis
603 3040 910 3103 disceptatur,
941 3039 1134 3102 quando
1158 3037 1409 3100 diligenter
1432 3039 1523 3086 hoc
1546 3036 1691 3086 vitare
1712 3036 1922 3086 student.
1984 3034 2120 3085 Τιιι.
2154 3034 2372 3083 Consen-

169 3129 382 3171 taneum.
449 3119 552 3169 Ηο.
587 3119 703 3168 Esto
736 3119 880 3182 igitur
916 3117 1180 3166 discretivae
1212 3116 1323 3164 artis
1356 3117 1542 3181 species
1574 3115 1874 3181 purgatoria:
1908 3113 2189 3180 purgaton
2210 3118 2368 3160 autem

171 3217 298 3267 pars,
320 3216 428 3266 quo
449 3200 649 3248 mundat
670 3198 890 3253 animam,
913 3196 1170 3261 seligaturt
1193 3195 1354 3259 hujus,
1377 3196 1585 3245 docendi
1607 3196 1833 3246 facultasz
1856 3194 2100 3250 doctrina,
2117 3190 2375 3255 disciplina

170 3280 525 3343 educatioque:
560 3276 824 3342 disciplinas
861 3276 1254 3340 educationisque
1291 3276 1559 3340 redargutio
1580 3276 1678 3334 illa,
1711 3270 1821 3341 qna
1841 3281 2049 3342 versatur
2076 3273 2201 3337 cinca
2221 3279 2373 3329 terne,-

170 3362 340 3411 rariam
362 3356 611 3423 sapientia
631 3357 928 3422 opinionem,
951 3363 1230 3422 urpraesens
1251 3357 1401 3405 oratio
1422 3362 1668 3430 monstrat,
1690 3354 1807 3423 nihii
1826 3354 1956 3403 allud
1979 3368 2119 3419 quam
2142 3356 2371 3417 generem

170 3439 487 3504 sophistarum
509 3437 709 3488 facultas
744 3452 847 3487 esse
883 3438 1084 3487 dicatur.
1148 3436 1281 3486 Tus.
1312 3437 1516 3507 Dicatur
1557 3438 1720 3505 plane.
1787 3435 1995 3501 Ambigo
2027 3441 2206 3492 umen,
2250 3431 2372 3498 quid

172 3520 472 3588 potissimum
493 3537 521 3570 e
545 3520 723 3584 multis,
743 3536 850 3586 quae
874 3536 975 3569 sese
997 3519 1135 3569 nobis
1157 3520 1381 3584 offerunt,
1403 3519 1660 3588 sophistam
1675 3532 1784 3589 ,esse
1803 3533 1853 3567 re
1874 3531 1984 3566 vera
2002 3515 2226 3565 affirmare
2247 3528 2366 3564 oon·

168 3602 352 3653 veniat.
417 3602 521 3652 Ho.
555 3601 620 3651 Et
657 3602 824 3651 merito
861 3602 963 3666 ipse
999 3601 1218 3650 dubitas:
1253 3596 1638 3665 quandoquidem
1675 3600 1832 3664 ipsum
1875 3611 2067 3662 quoque
2108 3595 2369 3659 sophistam

173 3681 412 3743 ambigere
432 3680 682 3730 verisimile
703 3690 775 3730 est
797 3682 1009 3739 omnino,
1030 3696 1234 3745 quanam
1257 3681 1333 3729 via
1355 3680 1560 3730 rationes
1574 3690 1754 3729 nostras
1769 3677 1982 3744 effugiat·
2010 3677 2143 3731 scite
2162 3689 2367 3739 namque

171 3758 426 3829 proverbio
447 3760 636 3823 dicitur,
659 3777 820 3810 omnes
842 3744 1049 3824 effugere
1085 3759 1274 3809 difficile
1296 3776 1418 3810 esse.
1483 3760 1631 3809 Nunc
1664 3759 1809 3824 igitur
1838 3757 2111 3807 instandum
2144 3754 2368 3805 maxime.

167 3843 303 3891 Tmz.
339 3840 570 3890 Praeclare
588 3840 812 3904 loqueris.
876 3840 978 3889 Ho.
1013 3840 1220 3889 Primum
1257 3842 1447 3904 quidem
1481 3848 1659 3889 stantes
1690 3838 2042 3904 quodammodo
2072 3836 2370 3901 respiremus,

171 3931 223 3972 et
242 3921 587 3970 nobiscummet
608 3921 941 3969 ratiocinemur
958 3921 1095 3969 simul
1131 3920 1496 3989 requiescentes.
1559 3919 1684 3984 Age,
1722 3932 2024 3975 resumamus,
2052 3915 2197 3983 qua'm
2218 3916 2370 3964 varias

173 4016 269 4068 pne
303 4017 355 4050 se
389 4002 559 4050 formas
596 4002 807 4066 sophista
834 3999 937 4069 jam
973 4001 1148 4051 tulerit.
1213 4000 1371 4049 Prima
1404 4000 1765 4064 investigatione
1797 3997 2018 4064 apparuit
2044 3993 2276 4062 juvenum
2308 4011 2369 4045 ae

173 4083 373 4131 divitum
412 4080 722 4131 mercenarius
765 4098 867 4131 esse
910 4080 1443 4132 venator.Tus.1ta.
1508 4079 1613 4129 Ho.
1644 4079 1867 4129 Secundi
1908 4078 2137 4129 mercator
2168 4076 2365 4141 quidam

172 4162 297 4211 circa
316 4162 461 4211 animi
483 4163 736 4213 doctrinas.
800 4163 932 4213 Tus.
968 4162 1199 4213 Omnino.
1265 4161 1363 4210 Ho.
1391 4148 1554 4210 Tertia
1572 4160 1699 4212 circa
1712 4161 1821 4209 hzec
1840 4146 2008 4210 eadem
2027 4172 2201 4222 caupo.
2230 4155 2365 4203 '1⁸⁸8

171 4240 237 4290 Et
253 4244 364 4294 hoc.
430 4243 612 4302 Quarta
647 4259 759 4293 vero
782 4243 905 4295 circa
928 4245 1181 4303 doctrinas,
1203 4258 1394 4293 suorum
1426 4243 1645 4292 venditor
1664 4242 1976 4290 inventorum.
2038 4237 2137 4286 no.
2168 4233 2366 4298 Optime

172 4320 225 4369 in
262 4325 530 4372 memoriam
568 4325 813 4374 revocasti.
847 4325 1057 4389 quintam
1094 4341 1205 4375 vero
1243 4340 1333 4391 ego
1365 4324 1471 4388 ipse
1504 4325 1757 4374 reducam.
1792 4321 2009 4371 Oertator
2026 4315 2220 4379 quidam
2240 4310 2367 4360 clm

173 4416 408 4452 sermones
439 4412 490 4453 et
510 4404 787 4453 artificiosus
806 4404 1000 4454 nimium
1023 4406 1244 4470 litigator.
1307 4404 1440 4454 Tus.
1471 4405 1549 4453 Sic
1576 4404 1743 4466 utique
1765 4396 1997 4450 constitit.
2061 4391 2163 4441 no.
2195 4389 2364 4438 Forma

175 4489 305 4533 sena
324 4483 544 4548 ambigua
563 4484 775 4551 quidem,
795 4487 1020 4571 ponenda
1051 4494 1208 4537 tamen
1229 4485 1349 4537 etin
1371 4484 1623 4549 pre-enus
1654 4473 2007 4545 quodammodo
2024 4470 2364 4539 θθῦθθῦθῦᾁῑῑ
