2917 4975
512 342 588 401 15
1402 333 1805 394 PLAToms
2541 341 2690 421 [255

505 496 654 545 ditate
673 502 814 558 atque
828 489 1013 554 ignavia
1033 488 1339 537 constitutum
1355 487 1568 535 ordinem
1587 486 1892 539 deseruerint.
1938 486 2216 552 Rursusque
2233 490 2449 540 nolentes
2469 494 2692 542 accedere

505 591 697 640 cogens,
719 573 791 619 vis
812 568 1003 617 tandem
1024 568 1256 616 concessit
1269 566 1376 623 illis,
1397 566 1605 615 differri·
1591 582 1641 615 ιιι
1666 574 1901 631 posterum
1922 567 2237 618 exorantibus.
2258 572 2515 621 accedente
2536 580 2692 622 autem

504 662 676 705 statuto
698 659 925 711 tempore,
945 646 1085 710 cujus
1104 661 1207 694 esse
1228 646 1520 693 immemores
1555 646 1627 693 illi
1658 646 1851 709 quidem
1880 645 2116 704 simulant,
2148 648 2225 696 bic
2246 664 2354 698 vero
2375 650 2467 698 illis
2488 667 2694 702 comme·

502 739 668 792 morat,
697 730 747 776 vi
778 728 931 791 illata,
964 727 1199 782 hinniens,
1220 726 1519 789 trahensque,
1540 726 1783 789 compellit
1801 727 1967 775 iterum
1988 728 2154 776 iisdem
2174 729 2325 777 verbis
2344 738 2523 779 amatos
2544 732 2695 780 affari.

500 812 757 875 Postquam
787 823 898 856 vero
936 822 1086 870 prope
1116 813 1427 863 accesserunt,
1465 805 1662 854 inflexus
1695 806 2059 872 inclinatusque,
2089 818 2286 866 ¹extensa
2318 811 2489 872 cauda,
2509 810 2692 859 frenum

498 892 698 946 mordet,
718 897 770 937 et
787 885 1191 951 impudentissime
1212 885 1353 948 rapit.
1418 884 1513 933 Sed
1549 885 1730 949 auriga,
1763 887 1910 935 multo
1932 888 2078 951 magis
2097 890 2262 937 eadem
2287 905 2469 954 passus,
2490 899 2540 938 et
2559 891 2697 955 quasi

497 972 559 1020 de
593 969 790 1020 termino
827 968 1022 1016 flectens
1054 965 1320 1030 resupinus,
1349 966 1558 1013 habenas
1590 965 1732 1031 longe
1763 968 2086 1016 vehementius
2118 970 2275 1027 trabit,
2308 977 2358 1017 et
2389 971 2554 1018 dentes
2583 968 2698 1036 equi

496 1050 719 1114 flagitiosi
748 1047 971 1112 reprimit,
1002 1053 1147 1110 utque
1178 1045 1406 1110 impuram
1439 1045 1665 1110 lingum,
1698 1047 2001 1111 maxillasque
2022 1057 2291 1114 cruentans,
2311 1065 2442 1098 crura
2465 1057 2695 1115 uatesque

496 1131 628 1178 humi
648 1130 831 1193 defigit,
852 1141 911 1176 ac
930 1141 1095 1191 poenas
1115 1126 1226 1175 dare
1247 1126 1509 1190 compellit.
1572 1126 1781 1184 Quando
1815 1143 1926 1175 vero
1958 1128 2084 1177 idem
2106 1144 2233 1194 srepe
2255 1145 2424 1194 pravus
2445 1146 2594 1194 equus
2613 1131 2695 1179 ille

496 1223 741 1274 perpessus
762 1207 976 1255 lascivire
996 1203 1194 1261 destitit,
1215 1204 1598 1253 mansuefactus
1575 1221 1677 1269 Jam
1699 1206 1872 1270 auriga
1893 1209 2185 1273 obtemperat
2203 1210 2527 1274 providentias,
2549 1218 2694 1276 atque

496 1291 655 1347 etiam,
689 1303 798 1338 cum
832 1286 964 1335 videt
1000 1285 1264 1351 pulchrum,
1301 1285 1551 1333 formidine
1572 1286 1907 1344 contremiscit,
1928 1288 2050 1335 adeo
2071 1296 2124 1335 ut
2144 1291 2428 1354 quandoque
2449 1291 2698 1355 contingat

500 1368 716 1419 amatoris
745 1367 949 1417 animam
979 1366 1079 1430 jam
1111 1381 1217 1413 cum
1239 1365 1497 1413 reverentia
1516 1367 1722 1430 quadam
1740 1375 1790 1415 et
1812 1375 1938 1416 metu
1960 1370 2309 1419 adolescentum
2328 1370 2525 1434 vestigia
2540 1371 2696 1435 sequi.

503 1452 653 1517 [255]
694 1457 862 1516 utpote
897 1448 1040 1513 igitur
1070 1446 1197 1495 omui
1230 1445 1378 1503 cultu,
1412 1452 1638 1510 tanquam
1671 1447 1782 1496 Deo
1814 1448 2007 1512 equalis
2028 1450 2320 1507 adolescens,
2344 1452 2614 1499 observatus
2631 1453 2694 1500 ab

503 1541 728 1590 amatore,
763 1529 887 1579 baud
923 1528 1111 1593 quidem
1149 1523 1418 1587 simulante,
1447 1526 1532 1573 sed
1566 1541 1726 1575 revera
1759 1528 1830 1576 sic
1864 1527 2054 1592 affecto,
2087 1530 2338 1592 presertim
2367 1545 2476 1578 cum
2508 1537 2559 1578 et
2590 1530 2696 1594 ipse

502 1612 753 1659 honoratus
773 1616 939 1656 natura
958 1604 1154 1655 colentis
1186 1603 1248 1651 sit
1277 1604 1480 1669 amicus,
1496 1606 1547 1653 in
1570 1606 1696 1655 idem
1719 1615 1956 1671 postremo
1976 1623 2084 1657 cum
2106 1616 2311 1657 amatore
2332 1609 2569 1672 conspirat
2588 1627 2601 1658 ε
2635 1625 2694 1659 ac

498 1689 682 1737 etiamsi
701 1693 841 1734 antea
858 1700 887 1732 a
906 1683 1208 1731 familiaribus
1227 1682 1325 1731 suis
1350 1684 1782 1750 condiscipulisque
1813 1692 1864 1734 et
1893 1686 2000 1735 aliis
2038 1702 2120 1749 per
2151 1688 2432 1736 calumniam
2465 1691 2695 1753 deceptus

500 1767 655 1824 fuerit,
694 1763 978 1820 dicentibus,
1014 1770 1151 1827 turpe
1185 1779 1291 1811 esse
1328 1765 1509 1812 amanti
1542 1767 1732 1823 baerere,
1754 1766 1958 1829 ideoque
1975 1774 2208 1815 amantem
2229 1767 2467 1831 rejecerit;
2502 1770 2694 1818 tandem

499 1863 610 1895 vero
641 1844 929 1909 procedente
975 1851 1185 1906 tempore
1227 1850 1358 1900 otas,
1392 1851 1442 1892 et
1482 1852 1661 1893 naturae
1692 1845 1880 1893 debitus
1912 1846 2028 1893 ordo
2068 1861 2178 1894 eum
2220 1847 2272 1894 in
2307 1849 2695 1899 consuetudinem

500 1926 696 1977 amantis
724 1924 972 1972 inducunt.
1007 1937 1248 1986 nunquam
1284 1922 1408 1970 enim
1440 1923 1540 1972 fato
1577 1925 1817 1971 decretum
1836 1931 1926 1981 est,
1950 1925 2022 1972 vel
2043 1927 2216 1973 malum
2237 1927 2437 1977 amicum
2458 1929 2600 1994 malo,
2619 1931 2698 1979 vel

499 2008 675 2056 bonum
695 2006 822 2052 bono
843 2018 941 2051 non
972 2003 1174 2051 amicum
1205 2018 1325 2053 esse.
1390 2003 1517 2067 Ergo
1556 2018 1665 2052 cum
1702 2003 1976 2052 adolescens
2004 2004 2243 2069 colloquio
2273 2014 2325 2055 et
2354 2009 2697 2058 consuetudine

498 2087 727 2152 receperit
743 2091 1013 2139 amatorem,
1036 2087 1148 2129 tunc
1164 2081 1362 2129 amantis
1384 2081 1509 2129 illius
1531 2081 1861 2131 benevolentia
1875 2082 1976 2146 jam
1998 2083 2124 2132 facta
2144 2086 2466 2150 propinquior,
2489 2097 2695 2138 amatum

497 2172 653 2235 ipsum
689 2164 903 2214 admirari
940 2161 1202 2226 compellit,
1236 2161 1701 2221 animadvertentem,
1732 2163 2096 2212 necessariorum
2116 2166 2464 2232 amicorumque
2484 2169 2693 2217 omnium

499 2250 698 2299 aliorum
727 2242 1122 2305 benevolentiam,
1152 2240 1192 2289 si
1228 2257 1336 2290 cum
1369 2242 1521 2291 amico
1554 2242 1781 2290 divinitus
1802 2242 1959 2290 afflato
1979 2243 2260 2304 conseratur,
2281 2247 2455 2296 nullius
2475 2248 2573 2296 fore
2595 2264 2695 2296 mo-

503 2330 669 2381 menti.
689 2344 745 2378 ac
765 2327 803 2376 si
824 2323 976 2374 senior
994 2321 1076 2368 illa
1104 2321 1187 2369 diu
1212 2322 1279 2370 sic
1300 2330 1482 2387 pergat,
1505 2324 1793 2387 haereatque,
1813 2324 1928 2372 etin
1947 2326 2203 2389 gymnasiis
2222 2328 2444 2377 ceterisve
2465 2329 2694 2377 similibus

499 2420 683 2476 tangat,
703 2418 816 2458 tnnc
829 2407 928 2470 jam
942 2404 1093 2451 fluxus
1108 2402 1393 2467 liquot-isque
1411 2404 1544 2452 illius
1564 2404 1686 2462 fons,
1709 2419 1848 2468 quem
1865 2404 2094 2462 himeron,
2115 2406 2164 2453 id
2183 2414 2272 2463 est,
2292 2408 2597 2471 cupidineum
2617 2409 2695 2457 in·

501 2493 697 2547 fluxum,
717 2490 747 2537 J
751 2486 936 2550 uppiter
951 2481 1248 2546 Ganymedis
1264 2498 1420 2531 amore
1429 2491 1599 2546 captus
1615 2482 1821 2546 vocavit,
1830 2483 1913 2547 qui
1925 2483 1976 2531 in
1991 2493 2224 2533 amantem
2237 2488 2352 2536 uber
2371 2488 2573 2547 influxit,
2590 2507 2694 2554 par·

500 2569 585 2616 tim
605 2569 656 2615 in
675 2568 826 2630 ipsum
838 2563 1019 2611 infusus
1032 2569 1121 2620 est,
1135 2562 1303 2625 partim
1325 2569 1475 2623 extra,
1485 2562 1589 2623 ipso
1607 2562 1908 2620 exuberante,
1930 2562 2201 2612 effunditur.
2225 2572 2368 2629 atque
2389 2574 2444 2614 ut
2459 2568 2627 2617 flamen
2644 2577 2696 2619 et

501 2647 634 2696 Echo
650 2660 681 2692 a
694 2644 871 2692 levibus
885 2641 1140 2705 solidisque
1155 2640 1341 2703 repulsa
1356 2640 1648 2703 corporibus,
1662 2643 1847 2698 eodem,
1864 2643 2250 2703 unde2venerunt,
2266 2646 2431 2692 iterum
2447 2648 2697 2697 reflectun-

503 2734 608 2774 tur:
642 2724 708 2771 ita
729 2721 1088 2787 pulchritudinis
1107 2721 1187 2769 ille
1208 2721 1377 2785 liquor,
1398 2736 1554 2768 rursus
1574 2720 1625 2767 in
1645 2720 1889 2784 pulchrum
1907 2737 1991 2785 per
2008 2721 2172 2770 oculos
2194 2723 2411 2786 refluens,
2433 2740 2527 2789 qua
2548 2742 2697 2789 pene-

500 2809 617 2852 trare
633 2802 681 2849 in
701 2801 903 2849 animam
923 2801 1184 2858 consuevit,
1205 2801 1327 2848 adeo
1348 2792 1606 2863 pennirum
1628 2808 1809 2849 meatus
1828 2799 2005 2864 irrigat,
2023 2808 2077 2848 ut
2107 2808 2157 2849 et
2190 2800 2372 2864 possint
2382 2801 2485 2866 jam
2506 2813 2557 2852 et
2576 2805 2698 2856 inci.

499 2883 633 2947 piant
646 2878 877 2945 pullulare
896 2897 910 2930 ι
934 2888 1077 2944 atque
1089 2880 1160 2930 ita
1176 2879 1319 2928 amati
1330 2879 1539 2927 animum
1554 2888 1718 2927 mutuo
1733 2879 1900 2943 implet
1915 2893 2087 2928 amore.
2109 2888 2236 2927 amat
2250 2880 2392 2944 igitur
2408 2898 2423 2931 ε
2446 2884 2563 2946 quid
2584 2901 2697 2936 vero

500 2962 683 3026 diligat,
705 2961 934 3025 ambigit:
967 2961 1284 3025 affectumque
1319 2976 1454 3009 suum
1497 2974 1587 3008 nec
1617 2961 1772 3023 novit,
1793 2975 1882 3008 nec
1903 2960 2063 3024 eloqui
2086 2967 2276 3023 potest:
2312 2962 2395 3009 sed
2418 2962 2615 3026 perinde
2636 2980 2696 3014 ac

500 3042 543 3091 si
559 3040 679 3105 lippi
700 3040 900 3105 alicujus
920 3049 1116 3107 aspectu
1137 3041 1302 3090 oculos
1322 3040 1535 3090 similiter
1555 3042 1617 3088 sit
1636 3041 1857 3103 insectus,
1894 3041 2136 3105 presentis
2156 3039 2306 3088 morbi
2328 3042 2561 3106 assignare
2582 3058 2696 3092 cau-

499 3136 597 3170 sam
618 3121 799 3171 nescit:
833 3137 923 3170 nec
961 3122 1310 3179 animadvertit,
1340 3121 1476 3184 quod
1513 3136 1564 3168 se
1597 3120 1754 3185 ipsum
1787 3120 1837 3167 in
1869 3127 2092 3177 amatore,
2131 3126 2356 3182 tanquam
2393 3121 2444 3168 in
2482 3123 2699 3190 speculo,

497 3200 704 3265 respicit.
721 3199 883 3264 itaque
901 3208 1131 3263 presente
1146 3200 1250 3262 illo,
1270 3199 1430 3248 dolere
1446 3208 1504 3248 ut
1522 3199 1604 3247 ille
1621 3199 1833 3246 similiter
1854 3197 2057 3245 desinit:
2095 3197 2292 3245 absente
2311 3214 2439 3256 vero,
2461 3200 2698 3252 desiderat

497 3280 698 3330 vicissim
721 3280 1029 3341 desideratus,
1048 3270 1262 3325 mutuum
1284 3292 1488 3325 amorem
1510 3285 1736 3340 tanquam
1764 3276 1934 3324 amoris
1964 3276 2259 3325 simulacrum
2292 3279 2536 3341 possidens
2555 3298 2572 3341 3
2603 3297 2696 3332 neo

498 3375 700 3408 amorem
720 3359 892 3421 ipsum,
910 3358 994 3405 sed
1017 3355 1271 3404 amicitiam
1292 3362 1343 3403 et
1361 3360 1522 3417 vocat,
1540 3361 1594 3402 et
1610 3360 1764 3417 putat.
1831 3353 1979 3417 Cupit
2006 3370 2139 3418 ergo,
2172 3355 2316 3405 ferme
2336 3364 2390 3405 ut
2410 3358 2506 3417 ille,
2527 3374 2695 3423 quam.

498 3440 568 3487 vis
588 3437 891 3493 moderatius,
911 3435 1088 3498 videre,
1121 3440 1266 3498 atque
1294 3433 1485 3482 assidua
1514 3433 1855 3481 consuetudine
1878 3433 2083 3498 perfrui:
2118 3441 2184 3495 et,
2207 3444 2262 3483 ut
2283 3452 2368 3500 par
2385 3445 2474 3496 est,
2496 3441 2695 3502 posthac

499 3518 712 3585 protinus
749 3517 850 3565 baec
879 3516 1011 3565 facit.
1077 3513 1136 3562 In
1174 3513 1280 3578 ipsa
1314 3514 1457 3578 igitur
1496 3512 1857 3571 consuetudine,
1893 3514 2109 3562 amatoris
2150 3515 2346 3579 quidem
2378 3516 2695 3583 intemperans

499 3614 647 3664 equus
660 3597 868 3661 aurigam
884 3593 1190 3660 compellans,
1211 3594 1398 3642 brevem
1411 3593 1637 3657 efflagitat
1656 3609 1743 3658 pro
1764 3592 1921 3641 multis
1937 3592 2172 3641 laboribus
2187 3594 2477 3658 voluptatem
2494 3613 2509 3646 ι
2546 3597 2696 3662 [256]

497 3678 810 3726 adolescentis
831 3683 989 3725 autem
1008 3691 1177 3738 equus,
1198 3674 1354 3722 eidem
1375 3674 1492 3738 quid
1514 3672 1660 3730 dicat,
1681 3673 1886 3736 ignorat,
1908 3672 1993 3720 sed
2025 3673 2231 3735 percitus
2251 3675 2512 3739 anxiusque
2531 3691 2695 3725 aman-

497 3767 592 3806 tem
614 3764 780 3806 mutua
800 3755 1093 3820 prosequitur
1112 3753 1458 3809 benevolentia,
1493 3753 1810 3801 amantissimo
1842 3768 1929 3801 suo
1966 3753 2333 3817 congratulatus,
2354 3762 2496 3818 atque
2516 3755 2567 3802 in
2588 3756 2696 3819 ipsa

495 3836 809 3885 familiaritate
841 3842 1031 3899 paratus
1068 3841 1142 3885 est
1170 3850 1258 3899 pro
1292 3833 1468 3882 viribus
1500 3834 1718 3883 amatoris
1737 3832 1971 3882 desiderio
1991 3835 2331 3897 obtemperare.
2393 3833 2695 3898 conjugatus

498 3922 655 3964 autem
673 3930 823 3978 equus
838 3914 977 3962 simul
1000 3920 1050 3961 et
1069 3913 1246 3977 auriga,
1268 3929 1377 3962 cum
1394 3914 1574 3977 pudore
1594 3921 1643 3962 et
1662 3914 1844 3962 ratione
1876 3912 1950 3961 bis
1970 3912 2023 3960 in
2058 3914 2196 3962 rebus
2228 3915 2338 3963 huic
2372 3915 2696 3964 adversantur.

499 3996 660 4054 Quare
679 3993 719 4041 si
738 3993 995 4041 secundum
1014 4000 1187 4042 rectam
1209 3993 1319 4042 vitm
1340 3994 1684 4043 institutionem
1705 4002 1756 4043 et
1771 3995 2086 4060 philosophias
2105 3995 2261 4043 studia
2281 3995 2492 4044 meliores
2512 3996 2697 4059 cogita.

498 4074 643 4122 tionis
664 4081 817 4136 partes
840 4071 1100 4130 obtineant,
1122 4073 1306 4125 beatam
1339 4081 1483 4137 atque
1514 4076 1792 4124 concordem
1817 4083 2091 4138 presentem
2115 4075 2257 4122 vitam
2278 4082 2444 4138 agunt,
2465 4076 2539 4123 sui
2560 4075 2696 4140 ipso-

498 4169 599 4201 rum
633 4152 813 4200 domini
843 4160 986 4215 etque
1018 4152 1238 4211 modesti,
1270 4169 1328 4202 ea
1359 4154 1760 4218 parte.subjecta‚
1795 4153 1875 4202 cui
1911 4154 2078 4202 animm
2102 4154 2267 4203 vitium
2290 4155 2430 4219 inest,
2450 4171 2508 4204 ea
2530 4165 2698 4204 contra

499 4232 711 4289 liberata,
731 4231 794 4280 ad
816 4246 957 4295 quam
991 4232 1195 4295 probitas
1232 4233 1449 4296 pertinet.
1516 4234 1575 4282 In
1610 4233 1752 4298 hujus
1790 4241 1948 4283 autem
1981 4236 2091 4283 vitae
2125 4236 2237 4294 fine,
2269 4233 2552 4301 recuperatis
2588 4235 2700 4303 alis,

501 4319 732 4378 prepete·
762 4310 971 4369 evolant,
1007 4325 1114 4360 eum
1155 4312 1293 4362 trium
1325 4314 1630 4363 certaminum
1661 4330 1768 4363 vere
1797 4314 2161 4381 Olympieorum
2195 4332 2338 4369 unum
2372 4314 2658 4380 pervicerint
2677 4333 2696 4369 ι
