2917 4975
318 464 459 541 175]
949 457 1347 521 PLATONIS
1392 455 1891 520 CONvlleM.
2386 457 2506 517 399

312 615 413 671 dio,
437 620 608 680 proter
630 613 699 671 id,
719 613 850 678 quod
881 612 1103 677 prodesse
1123 610 1237 659 mihi
1270 610 1321 660 id
1355 617 1540 674 putem,
1562 609 1755 660 mirifice
1790 610 1942 661 lator.
1973 610 2191 674 quotiens
2223 618 2380 661 autem
2412 627 2508 661 ser-

317 709 481 742 mones
502 693 623 742 alios
639 692 803 751 sudio,
825 701 1003 742 vestros
1025 690 1298 756 prasertim,
1318 690 1402 754 qui
1430 689 1729 739 cumulandis
1763 689 1977 754 pecuniis
2010 691 2210 740 studetis
2232 706 2434 758 semper,
2455 701 2507 741 et

316 773 423 836 ipse
443 788 591 836 angor
609 781 660 821 et
681 773 821 821 vestri
844 772 1079 833 misereor,
1100 771 1229 834 quod
1268 770 1452 818 efficere
1485 769 1664 835 aliquid
1693 769 1987 826 existimetis,
2008 786 2115 819 curn
2134 770 2251 818 nihil
2273 770 2502 820 efficiatis.

315 851 457 900 Forte
478 851 620 900 etiam
641 868 726 900 vos
747 868 821 901 me
843 851 1080 901 infelicem
1104 850 1300 915 putatis,
1322 865 1443 915 quos
1462 857 1514 899 et
1535 850 1639 914 ipse
1658 851 1721 899 de
1743 866 1819 899 nse
1839 866 1949 899 vere
1963 858 2127 913 putare
2145 851 2340 900 arbitror
2357 868 2374 901 z
2413 868 2506 916 ego

318 938 477 979 autem
499 947 584 978 vos
615 946 710 979 non
733 940 850 996 puto
871 930 1082 995 quidem,
1104 931 1191 979 sed
1225 938 1356 980 certo
1383 929 1504 982 scio.
1573 929 1664 980 rs.
1698 931 1913 995 Semper,
1931 930 2241 994 Apollodore,
2262 946 2399 996 eque
2421 932 2508 980 tibi

314 1009 409 1071 ipsi
433 1018 484 1057 et
502 1009 606 1058 aliis
627 1010 849 1067 detrahis,
868 1025 925 1060 ac
939 1009 1112 1059 videris
1134 1010 1298 1074 procul
1320 1010 1469 1058 dubio
1491 1018 1540 1057 te
1557 1010 1748 1073 quidem
1763 1010 1997 1075 inprimis,
2014 1011 2188 1059 deinde
2202 1010 2322 1059 alios
2343 1026 2508 1059 omnes

317 1096 486 1151 praeter
507 1104 652 1138 uuum
675 1091 914 1139 Socratem
953 1089 1171 1140 infelices
1208 1097 1393 1153 putare.
1426 1090 1554 1138 unde
1577 1105 1684 1138 vero
1709 1091 1863 1139 insani
1884 1106 2148 1153 cognomen
2179 1091 2268 1139 tibi
2297 1099 2508 1140 exortum

314 1168 393 1230 sit,
412 1169 589 1221 nescio.
621 1184 805 1234 semper
841 1171 969 1218 enim
1004 1170 1246 1234 loquendo
1279 1175 1328 1218 te
1362 1177 1414 1218 ct
1450 1168 1572 1216 alios
1591 1169 1844 1233 improbas,
1881 1170 2120 1218 Socratem
2152 1185 2297 1219 unum
2319 1174 2507 1236 probas.

314 1246 486 1295 Aron·
519 1248 565 1297 Ο
586 1249 891 1298 dilectissime
914 1250 1004 1310 vir,
1018 1264 1079 1297 ex
1099 1264 1159 1298 eo
1181 1248 1389 1297 insanire
1417 1254 1471 1296 et
1487 1247 1685 1296 deliram
1708 1263 1782 1297 me
1801 1256 2007 1307 constat,
2038 1251 2167 1312 quod
2188 1250 2255 1298 ita
2272 1252 2335 1300 de
2356 1268 2432 1301 rae
2449 1268 2509 1303 ae

316 1328 449 1375 vobis
469 1328 750 1379 existimem.
815 1328 909 1376 ΡΛ.
942 1328 1025 1377 De
1057 1329 1133 1377 his
1165 1328 1215 1376 in
1250 1326 1501 1392 prasentia
1536 1328 1840 1391 contendere,
1863 1327 2176 1392 Apollodore,
2207 1344 2522 1395 nequaquam

315 1405 479 1455 decet:
515 1407 599 1455 sed
624 1407 843 1472 precibus
861 1406 1030 1456 nostris
1050 1407 1328 1472 obsequere,
1348 1414 1417 1465 et,
1448 1407 1532 1470 qui
1568 1422 1803 1456 sermones
1839 1408 1909 1456 illi
1930 1408 2121 1467 fuerint,
2142 1411 2279 1458 nobis
2298 1426 2504 1475 apono-

316 1486 489 1535 Λυσι..
520 1486 564 1532 Τ
564 1485 661 1534 ales
682 1487 844 1550 utique
866 1484 934 1533 illi
949 1485 1153 1536 fuerunt.
1187 1487 1330 1534 immo
1352 1501 1461 1534 vero
1482 1502 1511 1533 a
1526 1484 1786 1549 principio,
1805 1487 1973 1535 eodem
2005 1488 2186 1546 ordine,
2206 1504 2303 1553 quo
2324 1489 2510 1538 Arkto-

316 1564 484 1613 demus
502 1564 677 1622 retulit,
712 1565 861 1629 [1⁷4]
898 1565 1030 1613 vobis
1050 1565 1155 1628 ipse
1176 1580 1302 1615 nunc
1341 1580 1582 1614 recensere
1613 1567 1837 1614 conabor.
1898 1566 2067 1631 Inquit
2101 1569 2247 1625 enim,
2268 1570 2509 1619 Socratem

315 1644 572 1692 offendisse
594 1652 644 1694 et
665 1644 812 1693 lotum
833 1652 883 1694 et
902 1645 1076 1694 calceis
1094 1645 1239 1709 pedes
1259 1653 1495 1701 ornatum,
1515 1660 1621 1708 qum
1657 1645 1737 1693 ille
1770 1660 1872 1694 raro
1909 1647 2144 1697 efficiebat
2158 1665 2174 1698 ε
2209 1665 2411 1715 eumque
2430 1651 2508 1699 in·

314 1733 591 1787 terrogasse,
610 1740 818 1789 quonam
843 1725 909 1773 ita
931 1733 1121 1773 ornatus
1142 1724 1399 1775 incederet.
1430 1725 1512 1774 cui
1533 1724 1827 1789 respondisse
1852 1725 2107 1789 Socratem,
2127 1728 2393 1792 Agathonis
2413 1732 2504 1779 do·

317 1820 446 1852 muru
483 1814 716 1854 coenatum
736 1823 749 1853 ι
783 1806 1045 1854 hesternam
1068 1819 1176 1852 voro
1214 1819 1396 1854 coenam
1436 1804 1624 1861 vitasse,
1653 1804 1781 1867 quod
1819 1806 1966 1854 turbo
2005 1814 2200 1872 propter
2238 1808 2507 1873 Agathonis
2552 1803 2556 1807 ’

314 1882 519 1949 palmam
541 1900 816 1935 concursum
839 1885 1014 1933 veritus
1035 1891 1187 1932 essetr
1208 1882 1496 1948 promisisse
1515 1891 1691 1940 autem,
1715 1885 1931 1949 sequenti
1950 1885 2032 1935 die
2061 1902 2111 1935 se
2142 1887 2414 1940 affuturum.
2445 1908 2504 1942 ea

316 1979 426 2013 vero
449 1964 511 2012 de
532 1979 672 2013 causa
692 1979 743 2012 se
766 1978 973 2021 ornasse,
997 1971 1051 2010 ut
1072 1962 1267 2027 pulcher
1286 1963 1347 2010 ad
1370 1963 1620 2027 pulchrum
1655 1964 1760 2015 iret.
1795 1965 2018 2029 quesisse
2048 1967 2255 2031 insuper,
2279 1969 2503 2026 Quonam

317 2053 459 2108 pacto
482 2052 551 2101 tu,
575 2043 888 2100 Aristodeme,
910 2044 973 2091 ad
995 2056 1175 2091 coenam
1198 2041 1508 2106 proficisceris
1543 2057 1638 2091 non
1656 2046 1886 2094 vocatus?
1949 2045 2074 2096 Aur.
2109 2050 2180 2100 Ut
2212 2056 2264 2097 tu
2291 2049 2505 2114 jusseris·

319 2125 405 2174 So.
439 2124 644 2188 Sequere
666 2139 758 2181 me,
780 2131 835 2172 nt
869 2121 1164 2186 proverbium
1194 2122 1602 2186 transgrediamur,
1623 2122 1741 2172 illud
1777 2124 1831 2174 in
1863 2127 1991 2175 hunc
2029 2128 2219 2177 modum
2255 2136 2509 2189 ineuntes,

317 2205 445 2270 quod
468 2208 531 2255 ad
553 2206 780 2254 bonorum
802 2203 1044 2253 bominum
1065 2218 1223 2252 coenas
1244 2204 1356 2252 boni
1378 2204 1591 2251 homines
1610 2205 1754 2253 etiarn
1775 2220 1890 2254 non·
1906 2206 2094 2255 invitati
2129 2209 2504 2271 protiebcuntur.

318 2285 553 2335 Homerus
574 2285 768 2349 quidem
788 2284 976 2331 videtur
994 2298 1091 2331 non
1115 2282 1257 2330 modo
1278 2296 1375 2329 non
1398 2283 1659 2338 observare,
1680 2283 1763 2331 sed
1785 2291 1837 2331 et
1855 2284 2028 2333 violare
2049 2287 2362 2350 proverbium.
2394 2302 2504 2337 nam

318 2380 426 2415 cum
451 2364 857 2429 Agamemnonem
895 2363 946 2409 in
968 2377 1017 2411 re
1050 2360 1235 2409 militari
1266 2368 1505 2409 “renuunt
1528 2360 1675 2409 virum
1706 2362 1932 2420 finxisset,
1953 2364 2226 2413 Menelaum
2248 2381 2357 2415 vero
2389 2368 2512 2416 rnol-

320 2442 447 2496 lemg
483 2444 751 2495 convivium
773 2442 1042 2493 celebrante
1064 2448 1175 2507 post
1194 2439 1470 2489 sacrificium
1484 2437 1861 2504 Agamemnone,
1885 2441 2158 2493 Menelaum
2183 2445 2367 2496 induxit
2386 2447 2510 2498 ultro

238 2571 248 2584 ,
320 2526 382 2573 ad
408 2540 612 2574 mensam
636 2523 1007 2589 Agamemnonis
1029 2521 1313 2572 venientem.
1347 2521 1430 2570 ubi
1449 2521 1725 2571 deteriorem
1748 2524 1811 2571 ad
1842 2526 2172 2588 prestantioris
2194 2527 2280 2575 viri
2299 2541 2506 2578 mensam

320 2620 419 2653 uon
439 2603 709 2655 arcessitum
730 2604 890 2653 venire
911 2603 1041 2651 fecit.
1106 2601 1235 2651 Aru.
1269 2601 1407 2651 Forte
1428 2604 1619 2667 etipse,
1640 2619 1671 2651 o
1707 2604 1939 2668 Socrates,
1961 2621 2058 2655 non
2095 2607 2221 2665 talis,
2242 2607 2431 2674 qualern
2455 2617 2507 2659 tn

318 2684 500 2748 inquis,
519 2685 601 2733 sed
638 2684 1032 2750 quemadmodum
1067 2682 1256 2732 induxit
1293 2683 1543 2740 Homerus,
1566 2683 1674 2734 vilis
1711 2686 2024 2736 homunculus
2055 2689 2116 2736 ad
2153 2689 2379 2753 sapientis
2419 2689 2512 2739 viri

318 2763 590 2813 convivium
613 2763 732 2813 ultro
753 2763 912 2814 venire
934 2763 1144 2813 videbor.
1209 2763 1331 2813 Cum
1351 2778 1464 2827 ergo
1486 2779 1562 2812 me
1583 2765 1748 2823 ducas,
1763 2767 1898 2824 vide,
1912 2782 2054 2831 quam
2067 2769 2299 2818 adventus
2322 2769 2415 2819 mei
2434 2784 2510 2819 ra-

320 2841 501 2893 tionem
522 2842 748 2909 assignes.
779 2860 870 2909 ego
901 2844 1026 2893 enim
1060 2859 1136 2892 me
1172 2851 1341 2907 sponte
1361 2844 1522 2893 venire
1553 2858 1650 2893 uon
1681 2846 1957 2904 confitebor,
1981 2848 2064 2896 sed
2087 2849 2171 2896 abs
2192 2856 2240 2898 te
2258 2849 2510 2898 invitatum

321 2922 498 2975 dicam.
560 2924 646 2976 So.
680 2923 741 2972 In
761 2924 867 2990 ipso
888 2925 1073 2986 itinere,
1094 2923 1208 2988 quid
1233 2923 1405 2972 dicturi
1425 2924 1588 2980 simus,
1608 2923 1814 2974 invicem
1829 2925 2212 2976 consultabimus.
2248 2928 2331 2976 sed
2349 2944 2511 2977 earnm

317 3002 437 3066 jam.
504 3004 597 3053 His
617 3005 758 3054 dictis
776 3005 936 3069 inquit
957 3004 1287 3052 Aristodemus
1306 3001 1375 3050 ire
1392 3003 1624 3066 coepisse:
1660 3011 1709 3051 et
1728 3003 1969 3052 Socratem
1991 3004 2357 3068 cogitabundurn
2378 3007 2510 3056 lento

324 3080 463 3131 nimis
487 3099 626 3147 passu
647 3084 934 3147 gredientem
958 3088 1252 3146 exspectasse
1274 3081 1467 3145 sapius,
1491 3081 1681 3130 tandem
1715 3081 1910 3145 jussisse
1942 3083 2200 3149 Socratem,
2222 3092 2276 3132 ut
2308 3086 2512 3150 preire-t.

322 3159 446 3210 Cum
469 3178 577 3211 vero
599 3163 778 3212 adibus
801 3162 1066 3227 Agathonis
1087 3161 1504 3226 appropinquaret,
1521 3169 1729 3224 apertam
1745 3162 1942 3226 januam
1978 3162 2229 3222 invenisse,
2250 3174 2301 3214 et
2328 3166 2509 3231 aliquid

323 3242 391 3291 ibi
413 3242 665 3306 contigisse
690 3242 954 3293 ridiculum.
986 3241 1143 3306 inquit
1162 3242 1310 3304 enim,
1329 3242 1458 3306 quod
1483 3242 1532 3289 in
1548 3242 1654 3305 ipso
1675 3242 1840 3292 limine
1861 3242 2061 3293 famulus
2081 3245 2274 3309 quidam
2290 3245 2536 3296 intrinse-'

321 3337 410 3371 cus
431 3336 677 3370 occurrens
697 3322 838 3378 intro,
860 3322 940 3370 ubi
962 3322 1303 3372 accumbebant
1321 3318 1420 3379 alii,
1438 3320 1592 3385 ipsum
1614 3321 1766 3380 duxit,
1787 3337 1906 3386 quos
1919 3322 2021 3386 jam
2035 3330 2298 3373 conaturus
2319 3326 2510 3390 reperit.

326 3401 546 3466 Eumque
586 3411 640 3450 ut
667 3402 787 3451 vidit
818 3401 1062 3466 Agathou,
1100 3401 1146 3450 Ο
1184 3400 1501 3459 Aristodemo,
1536 3402 1620 3459 ait,
1650 3410 1915 3467 opportune
1953 3403 2141 3461 venisti,
2177 3410 2233 3452 ut
2268 3404 2512 3455 nobiseum

298 3486 501 3534 ‘cmm
531 3480 571 3532 si
592 3498 702 3532 vero
717 3482 847 3532 aliud
868 3482 1120 3548 quicquam
1140 3480 1229 3537 vis,
1249 3481 1300 3529 in
1331 3480 1462 3529 alind
1497 3489 1682 3543 tempus
1712 3481 1920 3532 differas.
1952 3483 2172 3546 equidem
2192 3484 2291 3533 heri
2307 3491 2355 3533 te
2375 3498 2510 3549 qno-

325 3579 453 3621 rens,
480 3564 757 3614 invitaturus
790 3570 858 3621 te,
878 3577 1109 3627 nusquam
1130 3560 1248 3612 vidi.
1314 3561 1409 3610 Sed
1450 3577 1533 3610 cur
1564 3561 1801 3610 Socratem
1834 3562 1896 3610 ad
1927 3577 2015 3610 uos
2035 3577 2131 3611 non
2165 3563 2341 3614 ducis?
2406 3564 2513 3628 Ego

325 3643 537 3708 quidem,
559 3643 712 3708 inquit
736 3643 1073 3700 Aristodemus,
1094 3649 1215 3692 retro
1237 3657 1511 3700 conversus,
1533 3658 1762 3705 nusquam
1776 3642 1893 3701 vidi,
1907 3644 2221 3707 respondique
2239 3643 2509 3708 Agathoni:

324 3722 560 3784 Equidem
579 3738 684 3770 cum
707 3723 791 3771 illo
812 3724 936 3781 veni,
959 3724 1019 3770 ab
1053 3738 1112 3771 eo
1135 3730 1329 3770 vocatus
1369 3723 1464 3772 huc
1492 3723 1554 3770 ad
1591 3738 1789 3772 coenam.
1857 3722 2007 3782 Aes„
2031 3721 2186 3772 Recte
2205 3722 2390 3772 fecisti:
2424 3723 2511 3772 sed

331 3801 525 3849 ubinam
548 3801 793 3850 Socrates?
861 3803 989 3852 Am.
1021 3802 1141 3850 Post
1162 3818 1238 3850 me
1260 3804 1399 3850 modo
1435 3801 1583 3866 [1⁷⁵]
1624 3803 1770 3867 paulo
1788 3809 1900 3851 ante
1932 3804 2204 3852 accedebat.
2244 3817 2387 3867 quare
2406 3803 2514 3868 ipse

327 3897 518 3947 quoque
540 3881 760 3939 admiror,
782 3890 833 3929 et
852 3881 933 3929 ubi
953 3881 1018 3930 sit
1035 3879 1213 3929 nescio.
1274 3881 1412 3930 Aes.
1447 3882 1618 3938 Quaere
1641 3882 1901 3944 Socratem,
1930 3898 2062 3946 puer,
2093 3889 2145 3931 et
2173 3883 2236 3932 ad
2254 3898 2341 3933 nos
2359 3882 2508 3932 intro-

329 3963 494 4011 ducas.
526 3970 577 4010 tu
596 3970 775 4026 autem,
795 3960 1116 4019 Aristodeme,
1140 3960 1281 4025 justa
1314 3960 1677 4025 Eryximachum
1712 3962 1954 4013 accumbe.
2020 3962 2154 4012 Heus
2175 3971 2245 4021 tu,
2265 3965 2380 4013 dato
2400 3963 2513 4012 huic

330 4042 544 4090 manibus
565 4058 755 4107 squam,
772 4047 826 4090 ut
838 4039 939 4105 jam
963 4042 1143 4091 adeat.
1209 4041 1348 4090 Tunc
1368 4040 1625 4105 ingressum
1649 4056 1844 4105 puerum
1865 4043 2101 4107 quendam
2123 4044 2363 4094 nuntiasse
2382 4043 2516 4091 dico·

332 4122 414 4170 bat
433 4121 773 4180 Aristodemus,
796 4122 1035 4171 Socratem
1057 4121 1211 4186 ipsum
1229 4122 1283 4169 in
1301 4120 1581 4170 vestibulum
1605 4122 1864 4185 prosimum
1885 4125 2151 4183 secessisse,
2172 4133 2224 4173 et
2242 4122 2510 4172 arce-itum

331 4200 518 4263 ingredi
555 4199 698 4249 nolle.
760 4201 900 4251 Aus-
931 4200 1202 4251 Absurdurn
1237 4201 1466 4266 quiddam
1499 4217 1672 4252 narras.
1712 4219 1834 4252 voca
1874 4205 2063 4266 iberum,
2097 4217 2251 4265 neque
2285 4198 2517 4261 dimittas,

332 4295 578 4345 quousque
601 4281 795 4330 venerit.
858 4282 984 4333 Aru.
1018 4282 1131 4332 Non
1156 4282 1245 4341 sic,
1267 4299 1298 4333 o
1318 4284 1564 4348 Agathou,
1587 4284 1669 4333 sed
1707 4282 1879 4333 mittite
1899 4284 2048 4333 illum.
2081 4296 2182 4328 mos
2202 4279 2327 4328 enim
2348 4278 2515 4326 Socra-

334 4360 393 4407 tis
415 4361 538 4410 iste:
572 4375 909 4426 nonnunquam
929 4362 1177 4421 desistens,
1200 4364 1471 4428 ubicunque
1494 4365 1687 4423 accidit,
1714 4365 1967 4413 consistere
1997 4360 2134 4408 solet.
2168 4358 2328 4407 veniet
2358 4364 2516 4405 autem

330 4439 447 4498 cito,
470 4447 521 4490 ut
541 4440 751 4494 arbitror.
783 4457 843 4492 nc
866 4443 1061 4493 turbetis
1082 4444 1253 4509 ipsum,
1275 4445 1358 4494 sed
1382 4459 1470 4494 suo
1493 4444 1716 4496 arbitratu
1736 4443 1893 4493 venire
1918 4438 2187 4506 permittite.
2252 4437 2388 4491 Aes.
2420 4435 2514 4497 Ita·
