2917 4975
493 448 610 509 384
1384 440 1792 502 PLATONIS
2553 444 2701 522 [28⁷

489 616 612 658 mus,
649 605 928 658 metuentes,
961 613 1024 647 ne
1055 597 1177 647 forte
1208 595 1261 646 in
1293 594 1597 660 supervacuis
1623 594 1804 644 dlutius
1825 607 2131 644 veneremur.
2199 591 2346 659 Ergo,
2367 609 2430 645 ne
2462 594 2694 662 deinceps

488 681 659 729 iterum
689 679 785 731 tsle
815 680 950 729 nobis
980 679 1160 744 aliquid
1193 675 1593 740 aeddaqieeireo
1625 690 1765 739 supra
1797 676 1928 725 dieta
1963 692 1995 725 s
2027 675 2167 724 nobis
2208 677 2369 725 omnis
2407 684 2541 741 puts.
2606 678 2695 728 S'o.

487 761 611 810 Piet.
643 760 724 810 dic
746 754 834 826 sfie
854 776 962 825 quse
995 766 1187 810 restant.
1255 757 1417 806 Hosr.
1451 752 1582 805 Dico
1612 754 1755 820 igitur
1792 763 2012 820 oportere
2043 762 2096 804 et
2126 771 2204 805 me
2239 764 2290 804 et
2310 763 2360 806 te
2381 772 2564 816 eorum,
2585 773 2697 823 quse

488 840 711 899 diximus,
733 856 920 906 semper
938 855 1165 890 memores
1185 853 1308 901 esse,
1326 834 1735 902 quotienscunque
1755 836 1833 885 vel
1855 836 2059 885 brevitas
2078 836 2155 885 vel
2189 836 2435 900 prolixites
2467 839 2699 887 mutonis

488 920 540 972 in
562 921 954 987 vituperationem
974 921 1124 985 cedit,
1142 920 1215 970 ita
1233 926 1290 968 ut
1310 933 1408 966 non
1428 916 1633 967 invicem
1657 916 1950 981 prolixitates
1969 916 2308 989 dijudicemus,
2324 917 2410 966 sed
2430 918 2698 967 secuudum

488 1001 728 1051 femtltstis
747 1000 1027 1052 dimetiendi
1048 1009 1248 1066 partem,
1269 1014 1413 1064 quem
1437 1014 1583 1063 supr·
1606 998 1811 1047 diximus
1831 999 1893 1046 ed
1928 998 2089 1048 decori
2118 1012 2328 1046 normam
2359 1014 2466 1048 esse
2496 998 2704 1048 referun-

490 1082 620 1132 dem.
683 1082 769 1133 So.
798 1081 947 1132 Scite.
1013 1082 1177 1132 Hosr.
1208 1080 1325 1129 Non
1346 1094 1461 1143 ergo
1482 1080 1543 1127 ad
1566 1079 1658 1128 hoe
1679 1079 1840 1128 omnis
1859 1078 2104 1128 referende
2122 1076 2360 1128 videntur.
2391 1094 2549 1144 neque
2568 1080 2700 1128 euim

491 1162 759 1227 prolixitate
779 1162 898 1211 nulli
920 1162 1233 1212 conveniente
1254 1161 1316 1207 nd
1340 1158 1635 1222 voluptatem
1659 1158 1918 1222 egebimus,
1939 1158 2031 1206 nisi
2045 1157 2175 1223 quod
2195 1167 2366 1221 proter
2385 1158 2704 1223 propositum.

492 1242 565 1291 Ut
584 1249 742 1292 sutem
765 1243 894 1308 quod
917 1243 1158 1307 queritur,
1179 1239 1404 1290 facillime
1419 1239 1754 1304 celerrimeque
1774 1239 2049 1303 reperistur,
2071 1253 2167 1287 non
2193 1238 2364 1302 primo,
2377 1240 2462 1287 sed
2483 1242 2700 1290 seeundo

489 1322 599 1372 loeo
619 1322 907 1373 contendere
927 1323 1046 1372 ratio
1067 1322 1313 1387 praecipit:
1332 1320 1548 1381 ⁸maxime
1565 1336 1675 1368 vero
1697 1320 1905 1368 omniurn
1928 1326 2071 1384 atque
2093 1319 2294 1382 primum
2316 1320 2447 1368 illum
2463 1321 2698 1369 bonerue

493 1416 805 1468 progressum,
826 1420 923 1469 quo
957 1405 1217 1453 secundum
1255 1403 1440 1466 species
1475 1401 1766 1466 distinguere
1788 1400 2061 1451 valeemusz
2095 1401 2558 1465 disputationemque
2589 1403 2701 1450 lon-

492 1498 601 1548 gam
622 1484 750 1533 haud
771 1484 967 1534 moleste
987 1485 1125 1543 ferre,
1155 1484 1239 1533 sed
1261 1483 1483 1532 affectare
1505 1482 1685 1546 potius,
1707 1482 1748 1529 si
1767 1482 1911 1529 modo
1933 1481 2071 1529 nobis
2095 1480 2155 1528 sd
2179 1480 2501 1529 inventionem
2521 1481 2698 1530 confe-

490 1571 592 1613 rat:
627 1565 910 1630 brevemque
930 1565 1157 1615 similiter.
1224 1564 1442 1628 Eumque
1464 1562 1625 1628 jubet,
1653 1562 1736 1627 qui
1771 1563 1990 1627 longiore
2009 1562 2148 1610 serbe
2170 1554 2426 1626 vituperat,
2453 1563 2703 1611 circuitus·

491 1660 587 1711 quc
621 1644 993 1710 disputationum
1031 1644 1304 1710 hujusmodi
1338 1660 1436 1692 non
1481 1643 1707 1700 admittit,
1745 1644 1873 1692 bend
1922 1644 1991 1692 ita
2031 1641 2199 1692 leviter
2240 1651 2510 1705 temereque
2546 1643 2697 1707 [28⁷]

493 1727 716 1775 dsmnsre
737 1726 1081 1791 prolixitatem3
1114 1727 1257 1775 immo
1279 1726 1529 1775 ostendere
1551 1725 1697 1789 prius,
1715 1725 2086 1789 disputationem
2107 1724 2361 1773 breviorem
2380 1723 2632 1772 audientes
2647 1732 2702 1773 et

491 1806 803 1870 promptiores
824 1808 883 1855 sd
907 1806 1228 1856 disserendum
1250 1814 1300 1856 et
1321 1807 1383 1855 ad
1404 1806 1741 1855 inveniendum
1773 1805 2036 1870 sagaciores
2054 1805 2369 1853 reddituram:
2407 1805 2525 1853 alies
2541 1812 2700 1853 autem

493 1892 545 1935 et
563 1885 658 1934 elio
672 1887 923 1936 tendentes
943 1887 1288 1952 increpationes
1309 1895 1361 1938 et
1380 1888 1545 1937 leudes
1567 1903 1657 1936 nec
1676 1902 1839 1936 curare
1870 1887 2060 1952 penitae
2081 1902 2171 1935 nec
2192 1886 2374 1935 andire.
2439 1885 2520 1935 Ae
2539 1886 2602 1933 de
2623 1885 2699 1933 bis

493 1965 623 2024 setis,
645 1966 685 2014 si
707 1966 795 2015 tibi
816 1982 1005 2032 qnoque
1025 1969 1226 2018 videtur.
1292 1968 1373 2018 Ad
1396 1969 1581 2026 civilem
1606 1967 1879 2018 facultatem
1913 1969 2083 2017 iterum
2114 1968 2377 2024 mamus,
2402 1966 2592 2016 textoris
2613 1984 2697 2015 ex-

494 2046 719 2112 emplum,
741 2048 871 2112 quod
895 2064 1037 2114 supr:
1067 2049 1328 2115 posuimus,
1348 2050 1663 2101 conferentes.
1729 2050 1816 2099 So.
1841 2048 2050 2114 Egregie
2088 2047 2276 2097 locutus
2309 2064 2363 2097 es
2381 2064 2396 2095 ι
2417 2056 2576 2112 ‘atque
2609 2048 2698 2109 ite,

495 2134 551 2176 ut
565 2127 725 2192 jubes,
746 2129 1020 2181 efficiemus.
1084 2131 1247 2180 Hosr.
1278 2130 1456 2180 Nonne
1472 2131 1574 2196 jem
1612 2146 1692 2180 rex
1730 2147 1760 2179 n
1798 2130 1959 2179 multis
1991 2137 2227 2195 pastorum
2261 2130 2611 2187 officii-‚immo
2633 2129 2695 2177 sb

495 2208 715 2258 omnibus
736 2219 1048 2261 umentorum
1069 2212 1346 2261 custodibus
1366 2220 1440 2261 est
1478 2211 1762 2261 distinctus?
1827 2211 2037 2259 Restant
2071 2211 2263 2258 urbana
2297 2209 2545 2259 facult-tes
2577 2224 2695 2258 eon·

494 2303 737 2338 causarum
756 2291 928 2355 pariter
948 2300 997 2341 et
1017 2307 1279 2353 causarum,
1299 2308 1416 2357 quas
1448 2293 1651 2357 primum
1684 2307 1713 2340 s
1750 2307 1803 2341 se
1841 2292 2041 2340 invicem
2061 2305 2275 2354 separare
2294 2290 2539 2341 debemus.
2605 2290 2696 2338 So.

498 2368 670 2421 Recte.
737 2370 903 2421 Hosr.
937 2372 1039 2421 Hes
1062 2373 1223 2438 partiri
1244 2373 1455 2421 bifariam
1479 2372 1674 2421 difficile
1690 2379 1778 2421 est.
1845 2370 1997 2434 Cujus
2013 2369 2305 2419 difficultatis
2319 2385 2462 2419 cause
2481 2371 2701 2435 sequenti

494 2464 711 2502 sermone
742 2452 941 2517 patebit.
1008 2453 1097 2504 So.
1130 2453 1210 2503 Sic
1247 2469 1434 2518 prorsus
1474 2453 1728 2517 agendum.
1797 2450 1959 2501 Hosr.
1996 2450 2090 2500 Per
2124 2451 2328 2500 membre
2355 2450 2517 2514 itsque
2546 2451 2695 2515 ipsas,

494 2531 639 2581 instar
658 2533 877 2592 victimte,
899 2534 1235 2598 discerpamus,
1262 2542 1511 2597 postquem
1547 2548 1704 2581 secere
1739 2531 1951 2580 bifariam
1984 2546 2081 2579 non
2105 2531 2327 2579 valemus.
2358 2539 2548 2595 oportet
2566 2532 2692 2578 enim

492 2611 547 2659 in
584 2612 842 2676 proximum
883 2629 1069 2677 semper
1103 2628 1346 2661 numerum
1382 2613 1678 2661 distribuere.
1746 2612 1832 2661 So.
1868 2611 1981 2668 Quo
2018 2612 2197 2675 pecto?
2244 2611 2540 2676 experiemur
2566 2610 2687 2675 jam.

494 2690 660 2740 Hosr.
693 2692 1104 2748 Quemadmodum
1127 2693 1175 2739 in
1200 2692 1516 2757 superioribus
1539 2707 1724 2756 omnes,
1745 2707 1853 2756 quae
1885 2691 2195 2739 instrumente
2228 2699 2423 2739 textura!
2446 2691 2695 2754 per-abent,

493 2771 642 2820 veluti
663 2786 919 2822 concensus
951 2772 1208 2837 posuimus.
1273 2772 1359 2822 So.
1393 2771 1601 2837 Nempe.
1671 2772 1836 2821 llosr.
1874 2772 2007 2820 idem
2039 2787 2232 2836 quoqne
2266 2772 2319 2819 in
2357 2771 2626 2835 prasentia,
2645 2779 2698 2818 et

495 2854 645 2902 multo
668 2854 818 2919 magis
838 2856 1091 2919 agendum.
1123 2869 1421 2918 quaecunque
1455 2854 1581 2903 enim
1614 2868 1836 2918 magnum
1877 2853 2071 2917 aliquod
2093 2861 2179 2902 aut
2200 2868 2391 2916 pervum
2410 2853 2461 2901 in
2485 2854 2601 2902 urbe
2621 2852 2694 2900 fa·

495 2932 681 2984 bricent
694 2934 1075 2998 instrumentum,
1101 2941 1325 2999 tanquam
1349 2950 1599 2984 concausae
1621 2935 1856 2999 ponenda
1879 2941 2004 2983 sunt.
2039 2950 2147 2982 nem
2169 2935 2269 2982 sine
2291 2934 2365 2982 his
2384 2934 2554 2983 civitas
2575 2949 2693 2982 con-

495 3023 616 3066 stare
637 3032 733 3066 non
754 3026 930 3084 potest,
952 3033 1107 3084 neque
1129 3017 1280 3067 civilis
1298 3016 1560 3081 discipline
1592 3017 1861 3067 consistere.
1927 3016 2125 3065 Nullum
2163 3024 2321 3064 tannen
2351 3016 2518 3064 horum
2551 3016 2695 3080 regim

496 3097 606 3146 ertis
629 3114 750 3163 opus
776 3114 879 3148 esse
910 3115 1159 3164 ponemus.
1227 3097 1313 3148 So.
1348 3096 1549 3145 Nullum
1583 3112 1790 3162 prorsus.
1857 3097 2022 3146 Hosr.
2056 3096 2209 3161 Atqui
2240 3095 2433 3145 difficile
2465 3097 2694 3162 quiddam

493 3180 867 3244 aggrederemur,
890 3180 931 3227 si
954 3194 1101 3242 genus
1123 3180 1214 3227 hoc
1245 3179 1307 3226 ab
1344 3177 1450 3226 eliis
1482 3177 1892 3241 distingueremus.
1961 3175 2060 3234 Qui
2094 3176 2256 3240 utique
2288 3174 2424 3233 dicit,
2449 3178 2591 3226 unius
2609 3193 2699 3227 cu.

489 3258 681 3321 jusdam
704 3273 883 3315 eorum,
905 3273 1012 3322 qum
1035 3265 1161 3314 sunt,
1186 3258 1543 3306 instrumentum
1570 3272 1692 3314 esse,
1709 3257 1962 3306 verisimile
1982 3257 2209 3321 quiddam
2232 3257 2364 3321 loqui
2389 3258 2579 3306 ridetur
2595 3277 2610 3307 ε
2631 3260 2704 3307 el·

495 3344 643 3386 terum
677 3337 793 3402 quin
833 3338 975 3386 etiem
1012 3353 1189 3394 eorum,
1213 3353 1321 3401 qum
1360 3339 1661 3402 possidentur
1700 3339 1749 3386 in
1786 3338 2004 3400 civitate,
2036 3339 2128 3387 boc
2162 3346 2236 3387 est
2271 3338 2545 3388 dicendum.
2613 3341 2701 3390 So.

494 3417 776 3475 Quidnam?
840 3417 996 3466 Rosr.
1029 3417 1173 3474 Quod
1199 3419 1323 3466 hene
1343 3419 1435 3466 vim
1461 3435 1557 3467 non
1581 3420 1741 3469 hebet.
1779 3435 1938 3483 neque
1960 3419 2086 3468 enim
2109 3434 2263 3468 causae
2296 3420 2618 3483 generationis
2649 3421 2700 3467 iu

501 3495 614 3551 boc,
634 3504 690 3544 ut
710 3497 757 3543 in
794 3498 1123 3555 instrumento,
1145 3498 1228 3546 sed
1269 3499 1330 3545 ed
1362 3497 1469 3562 ejus
1492 3500 1635 3563 ‚quod
1677 3498 1951 3548 fabricatum
1987 3508 2062 3547 est
2097 3500 2296 3548 salutem
2336 3500 2545 3564 respicit.
2613 3502 2701 3550 So.

495 3577 651 3636 Quale
673 3576 801 3626 istud
822 3577 841 3624 ἓ
907 3577 1071 3627 ΗοεΡ.
1105 3578 1248 3635 Quod
1272 3579 1412 3627 siccis
1434 3587 1479 3627 et
1505 3580 1729 3638 humidis,
1755 3581 1864 3644 igne
1880 3580 2122 3629 calefactis
2141 3589 2191 3629 et
2211 3579 2391 3644 frigidis
2413 3582 2593 3629 verium
2617 3598 2699 3646 ge-

492 3673 582 3706 nus
602 3657 844 3716 effectum,
866 3659 995 3721 quod
1016 3674 1112 3706 una
1130 3659 1450 3723 appellatione
1473 3674 1555 3708 ves
1579 3661 1893 3719 nominemus,
1917 3661 2129 3725 quemvis
2163 3662 2347 3725 species
2385 3657 2588 3725 plurima
2620 3665 2695 3711 sit.

492 3740 585 3788 hoc
606 3747 762 3788 nutem
781 3739 992 3788 scientim
1013 3739 1156 3803 illius,
1174 3756 1314 3805 quem
1351 3739 1500 3805 [288]
1537 3742 1865 3805 perquirimus,
1887 3758 1984 3790 non
2008 3750 2081 3790 est
2097 3753 2236 3804 opus.
2304 3743 2387 3790 so.
2422 3740 2539 3790 Non
2557 3754 2696 3792 certe.

491 3819 653 3868 Hos».
685 3820 843 3868 Tertia
865 3821 1208 3883 possessionum
1246 3821 1430 3885 species
1467 3821 1766 3871 multiformis
1803 3831 2020 3887 appetet,
2045 3822 2269 3870 terrestris
2288 3833 2434 3888 atque
2456 3823 2694 3886 aquatiee,

491 3898 748 3963 multivaga
768 3908 818 3948 et
836 3916 930 3948 non
951 3917 1126 3961 errans,
1148 3903 1354 3967 pretiosa
1373 3911 1424 3951 et
1442 3903 1580 3951 vilis:
1617 3920 1712 3952 uno
1744 3905 2011 3968 significata
2048 3904 2255 3958 nomine,
2289 3903 2403 3966 quia
2423 3903 2694 3951 universum

490 3982 583 4029 hoc
606 3995 790 4044 semper
824 3980 964 4030 alicui
996 3984 1133 4031 sedes
1167 3983 1385 4041 efficitur,
1405 3984 1697 4042 assessionis,
1722 3985 2036 4049 praesidentiae
2073 3983 2503 4048 explorationisque
2526 3983 2695 4047 gratia.

487 4062 574 4112 80.
609 4061 742 4119 Quid
766 4062 894 4111 hoc?
959 4063 1121 4115 Hosr.
1156 4064 1440 4115 Vehiculum
1462 4081 1808 4129 nuncupamus,
1830 4066 1958 4114 haud
1978 4080 2091 4114 sane
2113 4065 2309 4112 multum
2334 4064 2518 4129 petitine
2538 4064 2695 4113 civilis

490 4158 633 4211 opus,
654 4143 795 4190 immo
818 4142 1139 4192 architectura
1162 4145 1481 4211 figulariaeque
1503 4155 1554 4195 et
1576 4145 1747 4195 aereriae
1787 4147 2026 4195 facultatis
2059 4145 2282 4195 officium.
2347 4145 2435 4193 So.
2469 4144 2700 4209 intelligo

489 4227 727 4291 equidem.
791 4223 952 4273 Hosr.
984 4222 1215 4289 Nunquid
1241 4235 1456 4289 quartum
1481 4236 1649 4290 praeter
1670 4228 1758 4275 iste
1779 4227 2055 4284 dicendum,
2078 4226 2127 4273 in
2149 4242 2247 4289 quo
2281 4224 2487 4291 plurime
2519 4241 2580 4273 ex
2612 4227 2698 4284 iis,

491 4321 599 4369 quae
622 4322 761 4369 supra
786 4305 1043 4366 retulimus,
1066 4307 1401 4356 continentur?
1438 4309 1734 4367 vestimenta,
1757 4324 1883 4357 enne
1915 4309 2083 4365 multa,
2107 4309 2241 4363 muri,
2264 4307 2532 4369 terrenique
2555 4317 2606 4355 et
2629 4308 2702 4354 ln·

489 4386 618 4444 pidei
638 4386 860 4444 ambitus,
882 4386 1068 4450 aliaque
1090 4387 1336 4450 permulta.
1404 4389 1622 4452 Cumque
1644 4390 1746 4439 haec
1768 4389 1925 4437 omnia
1949 4388 2190 4436 muniendi
2213 4386 2573 4450 objiciendique
2589 4403 2705 4450 gra·

499 4461 562 4508 tia
600 4464 733 4522 finnt,
765 4473 892 4515 recte
925 4467 1215 4517 munimenta
1249 4468 1596 4534 obstaculaque
1622 4471 1929 4519 communiter
1951 4468 2182 4534 appellari
2206 4476 2426 4533 possunt,
2450 4467 2708 4532 multoque
