<?xml version="1.0" encoding="UTF-8"?>
<!DOCTYPE html PUBLIC "-//W3C//DTD XHTML 1.0 Transitional//EN"
    "http://www.w3.org/TR/xhtml1/DTD/xhtml1-transitional.dtd">
<html xmlns="http://www.w3.org/1999/xhtml" xml:lang="en" lang="en">
 <head>
  <title>
</title>
<meta http-equiv="Content-Type" content="text/html;charset=utf-8" />
  <meta name='ocr-system' content='tesseract 3.04.00' />
  <meta name='ocr-capabilities' content='ocr_page ocr_carea ocr_par ocr_line ocrx_word'/>
</head>
<body>
  <div class='ocr_page' id='page_1' title='image "./platonisetquaev05unkngoog_0401.png"; bbox 0 0 2917 4975; ppageno 0'>
   <div class='ocr_carea' id='block_1_1' title="bbox 171 458 2383 547">
    <p class='ocr_par' dir='ltr' id='par_1_1' title="bbox 171 458 2383 547">
     <span class='ocr_line' id='line_1_1' title="bbox 171 458 2383 547; baseline 0 -16"><span class='ocrx_word' id='word_1_1' title='bbox 171 472 340 547; x_wconf 56' lang='lat'><strong>,2⁷51</strong></span> <span class='ocrx_word' id='word_1_2' title='bbox 1069 458 1527 533; x_wconf 70' lang='grc' dir='ltr'><strong>Ροιῐτῖῐοῡε.</strong></span> <span class='ocrx_word' id='word_1_3' title='bbox 2001 526 2008 535; x_wconf 75' lang='grc'><strong><em>,</em></strong></span> <span class='ocrx_word' id='word_1_4' title='bbox 2267 476 2383 536; x_wconf 81' lang='lat'><strong>377</strong></span> 
     </span>
    </p>
   </div>
   <div class='ocr_carea' id='block_1_2' title="bbox 174 629 2395 4477">
    <p class='ocr_par' dir='ltr' id='par_1_2' title="bbox 174 629 2395 4477">
     <span class='ocr_line' id='line_1_2' title="bbox 193 629 2391 697; baseline -0.001 -15"><span class='ocrx_word' id='word_1_5' title='bbox 193 633 408 697; x_wconf 77' lang='lat' dir='ltr'><strong>proximo</strong></span> <span class='ocrx_word' id='word_1_6' title='bbox 441 633 674 682; x_wconf 80' lang='lat' dir='ltr'><strong>discessus</strong></span> <span class='ocrx_word' id='word_1_7' title='bbox 708 636 917 696; x_wconf 83' lang='lat' dir='ltr'><strong>temporo</strong></span> <span class='ocrx_word' id='word_1_8' title='bbox 952 631 1231 696; x_wconf 80' lang='lat' dir='ltr'><strong>perpulchre</strong></span> <span class='ocrx_word' id='word_1_9' title='bbox 1270 631 1433 680; x_wconf 85' lang='lat' dir='ltr'><strong>omnis</strong></span> <span class='ocrx_word' id='word_1_10' title='bbox 1471 629 1636 681; x_wconf 74' lang='lat' dir='ltr'><strong>ducitt</strong></span> <span class='ocrx_word' id='word_1_11' title='bbox 1671 642 1831 681; x_wconf 81' lang='lat' dir='ltr'><strong>verum</strong></span> <span class='ocrx_word' id='word_1_12' title='bbox 1861 633 2149 697; x_wconf 72' lang='lat' dir='ltr'>procedente</span> <span class='ocrx_word' id='word_1_13' title='bbox 2177 631 2391 697; x_wconf 78' lang='lat' dir='ltr'><strong>&#39;tempore</strong></span> 
     </span>
     <span class='ocr_line' id='line_1_3' title="bbox 180 710 2388 777; baseline 0 -16"><span class='ocrx_word' id='word_1_14' title='bbox 180 713 429 762; x_wconf 73' lang='lat' dir='ltr'><strong>‘oblivione</strong></span> <span class='ocrx_word' id='word_1_15' title='bbox 442 710 545 775; x_wconf 78' lang='lat' dir='ltr'><strong>jam</strong></span> <span class='ocrx_word' id='word_1_16' title='bbox 565 718 856 777; x_wconf 57' lang='lat' dir='ltr'><strong>occupatore</strong></span> <span class='ocrx_word' id='word_1_17' title='bbox 891 717 1179 775; x_wconf 80' lang='lat' dir='ltr'><strong>quapropter</strong></span> <span class='ocrx_word' id='word_1_18' title='bbox 1195 710 1366 775; x_wconf 81' lang='lat' dir='ltr'><strong>prioris</strong></span> <span class='ocrx_word' id='word_1_19' title='bbox 1380 710 1868 774; x_wconf 64' lang='lat' dir='ltr'><strong>defonniutispassto</strong></span> <span class='ocrx_word' id='word_1_20' title='bbox 1886 713 2214 762; x_wconf 80' lang='lat' dir='ltr'><strong>vehementius</strong></span> <span class='ocrx_word' id='word_1_21' title='bbox 2235 713 2388 762; x_wconf 80' lang='lat' dir='ltr'><strong>domi‘-</strong></span> 
     </span>
     <span class='ocr_line' id='line_1_4' title="bbox 183 789 2384 856; baseline 0 -15"><span class='ocrx_word' id='word_1_22' title='bbox 183 799 342 844; x_wconf 83' lang='lat' dir='ltr'><strong>natur.</strong></span> <span class='ocrx_word' id='word_1_23' title='bbox 409 793 617 841; x_wconf 86' lang='lat' dir='ltr'><strong>Demum</strong></span> <span class='ocrx_word' id='word_1_24' title='bbox 638 792 782 855; x_wconf 79' lang='lat' dir='ltr'><strong>longo</strong></span> <span class='ocrx_word' id='word_1_25' title='bbox 802 799 969 840; x_wconf 82' lang='lat' dir='ltr'><strong>exacto</strong></span> <span class='ocrx_word' id='word_1_26' title='bbox 991 798 1199 854; x_wconf 83' lang='lat' dir='ltr'><strong>tempore</strong></span> <span class='ocrx_word' id='word_1_27' title='bbox 1220 789 1506 847; x_wconf 80' lang='lat' dir='ltr'><strong>deflorescit,</strong></span> <span class='ocrx_word' id='word_1_28' title='bbox 1527 804 1585 839; x_wconf 77' lang='lat' dir='ltr'><strong>ac</strong></span> <span class='ocrx_word' id='word_1_29' title='bbox 1605 791 1732 839; x_wconf 88' lang='lat' dir='ltr'><strong>bona</strong></span> <span class='ocrx_word' id='word_1_30' title='bbox 1751 791 1930 856; x_wconf 72' lang='lat' dir='ltr'><strong>exigua·</strong></span> <span class='ocrx_word' id='word_1_31' title='bbox 1946 804 2213 856; x_wconf 68' lang='lat' dir='ltr'><strong>prot-ream,</strong></span> <span class='ocrx_word' id='word_1_32' title='bbox 2237 792 2384 841; x_wconf 75' lang='lat' dir='ltr'><strong>malo·</strong></span> 
     </span>
     <span class='ocr_line' id='line_1_5' title="bbox 184 870 2390 938; baseline 0 -17"><span class='ocrx_word' id='word_1_33' title='bbox 184 887 291 921; x_wconf 79' lang='lat' dir='ltr'><strong>mm</strong></span> <span class='ocrx_word' id='word_1_34' title='bbox 326 888 438 922; x_wconf 80' lang='lat' dir='ltr'><strong>vero</strong></span> <span class='ocrx_word' id='word_1_35' title='bbox 470 880 684 921; x_wconf 84' lang='lat' dir='ltr'><strong>naturam</strong></span> <span class='ocrx_word' id='word_1_36' title='bbox 721 872 794 920; x_wconf 85' lang='lat' dir='ltr'><strong>his</strong></span> <span class='ocrx_word' id='word_1_37' title='bbox 829 871 1075 935; x_wconf 86' lang='lat' dir='ltr'><strong>plurimam</strong></span> <span class='ocrx_word' id='word_1_38' title='bbox 1108 871 1330 930; x_wconf 83' lang='lat' dir='ltr'><strong>miscens,</strong></span> <span class='ocrx_word' id='word_1_39' title='bbox 1366 870 1628 935; x_wconf 83' lang='lat' dir='ltr'><strong>periculum</strong></span> <span class='ocrx_word' id='word_1_40' title='bbox 1664 871 1810 931; x_wconf 84' lang='lat' dir='ltr'><strong>subit,</strong></span> <span class='ocrx_word' id='word_1_41' title='bbox 1850 886 1913 922; x_wconf 88' lang='lat' dir='ltr'><strong>ne</strong></span> <span class='ocrx_word' id='word_1_42' title='bbox 1956 880 2008 922; x_wconf 87' lang='lat' dir='ltr'><strong>et</strong></span> <span class='ocrx_word' id='word_1_43' title='bbox 2048 873 2150 938; x_wconf 85' lang='lat' dir='ltr'><strong>ipse</strong></span> <span class='ocrx_word' id='word_1_44' title='bbox 2192 880 2244 921; x_wconf 86' lang='lat' dir='ltr'><strong>et</strong></span> <span class='ocrx_word' id='word_1_45' title='bbox 2280 886 2390 937; x_wconf 62' lang='lat' dir='ltr'><strong>quo</strong></span> 
     </span>
     <span class='ocr_line' id='line_1_6' title="bbox 186 946 2390 1021; baseline 0 -19"><span class='ocrx_word' id='word_1_46' title='bbox 186 951 241 1001; x_wconf 85' lang='lat' dir='ltr'><strong>in</strong></span> <span class='ocrx_word' id='word_1_47' title='bbox 278 968 330 1021; x_wconf 76' lang='lat' dir='ltr'><strong>se</strong></span> <span class='ocrx_word' id='word_1_48' title='bbox 358 961 469 1002; x_wconf 86' lang='lat' dir='ltr'><strong>sunt</strong></span> <span class='ocrx_word' id='word_1_49' title='bbox 503 953 682 1014; x_wconf 82' lang='lat' dir='ltr'><strong>omnia,</strong></span> <span class='ocrx_word' id='word_1_50' title='bbox 716 952 1042 1002; x_wconf 74' lang='lat' dir='ltr'><strong>dissolvantur.</strong></span> <span class='ocrx_word' id='word_1_51' title='bbox 1070 978 1079 983; x_wconf 92' lang='lat'><strong>·</strong></span> <span class='ocrx_word' id='word_1_52' title='bbox 1109 951 1429 1009; x_wconf 73' lang='lat' dir='ltr'><strong>Quamobrem</strong></span> <span class='ocrx_word' id='word_1_53' title='bbox 1464 946 1600 1000; x_wconf 87' lang='lat' dir='ltr'><strong>Deus</strong></span> <span class='ocrx_word' id='word_1_54' title='bbox 1631 952 1993 1016; x_wconf 52' lang='lat' dir='ltr'><strong>illessquondam</strong></span> <span class='ocrx_word' id='word_1_55' title='bbox 2036 953 2179 1017; x_wconf 79' lang='lat' dir='ltr'><strong>hujus</strong></span> <span class='ocrx_word' id='word_1_56' title='bbox 2211 954 2390 1002; x_wconf 87' lang='lat' dir='ltr'><strong>ordinis</strong></span> 
     </span>
     <span class='ocr_line' id='line_1_7' title="bbox 188 1031 2390 1095; baseline -0 -13"><span class='ocrx_word' id='word_1_57' title='bbox 188 1041 602 1091; x_wconf 65' lang='lat' dir='ltr'><strong>sueton-cernens</strong></span> <span class='ocrx_word' id='word_1_58' title='bbox 640 1034 865 1082; x_wconf 87' lang='lat' dir='ltr'><strong>mundum</strong></span> <span class='ocrx_word' id='word_1_59' title='bbox 904 1038 1039 1081; x_wconf 79' lang='lat' dir='ltr'><strong>tanto</strong></span> <span class='ocrx_word' id='word_1_60' title='bbox 1073 1032 1126 1082; x_wconf 88' lang='lat' dir='ltr'><strong>in</strong></span> <span class='ocrx_word' id='word_1_61' title='bbox 1157 1032 1425 1090; x_wconf 82' lang='lat' dir='ltr'><strong>discrimine</strong></span> <span class='ocrx_word' id='word_1_62' title='bbox 1462 1031 1690 1095; x_wconf 83' lang='lat' dir='ltr'><strong>positum,</strong></span> <span class='ocrx_word' id='word_1_63' title='bbox 1723 1032 1981 1084; x_wconf 86' lang='lat' dir='ltr'><strong>miseretur.</strong></span> <span class='ocrx_word' id='word_1_64' title='bbox 2015 1048 2073 1082; x_wconf 83' lang='lat' dir='ltr'><strong>ac</strong></span> <span class='ocrx_word' id='word_1_65' title='bbox 2093 1048 2155 1081; x_wconf 87' lang='lat' dir='ltr'><strong>ne</strong></span> <span class='ocrx_word' id='word_1_66' title='bbox 2185 1034 2390 1083; x_wconf 85' lang='lat' dir='ltr'><strong>tumultu</strong></span> 
     </span>
     <span class='ocr_line' id='line_1_8' title="bbox 188 1110 2389 1177; baseline 0 -14"><span class='ocrx_word' id='word_1_67' title='bbox 188 1114 312 1163; x_wconf 80' lang='lat' dir='ltr'><strong>adeo</strong></span> <span class='ocrx_word' id='word_1_68' title='bbox 334 1115 601 1164; x_wconf 85' lang='lat' dir='ltr'><strong>turbulento</strong></span> <span class='ocrx_word' id='word_1_69' title='bbox 622 1115 823 1164; x_wconf 77' lang='lat' dir='ltr'><strong>fluctuet</strong></span> <span class='ocrx_word' id='word_1_70' title='bbox 842 1113 1218 1177; x_wconf 78' lang='lat' dir='ltr'><strong>dissolvaturque</strong></span> <span class='ocrx_word' id='word_1_71' title='bbox 1238 1123 1290 1159; x_wconf 82' lang='lat' dir='ltr'><strong>et</strong></span> <span class='ocrx_word' id='word_1_72' title='bbox 1326 1112 1375 1158; x_wconf 87' lang='lat' dir='ltr'><strong>in</strong></span> <span class='ocrx_word' id='word_1_73' title='bbox 1397 1110 1556 1160; x_wconf 89' lang='lat' dir='ltr'><strong>locum</strong></span> <span class='ocrx_word' id='word_1_74' title='bbox 1578 1111 1978 1161; x_wconf 83' lang='lat' dir='ltr'><strong>dissimilitudinis</strong></span> <span class='ocrx_word' id='word_1_75' title='bbox 1993 1113 2233 1163; x_wconf 84' lang='lat' dir='ltr'><strong>infinitum</strong></span> <span class='ocrx_word' id='word_1_76' title='bbox 2267 1129 2389 1162; x_wconf 88' lang='lat' dir='ltr'><strong>mer·</strong></span> 
     </span>
     <span class='ocr_line' id='line_1_9' title="bbox 185 1191 2385 1260; baseline -0 -17"><span class='ocrx_word' id='word_1_77' title='bbox 185 1201 338 1260; x_wconf 73' lang='lat' dir='ltr'><strong>gutur,</strong></span> <span class='ocrx_word' id='word_1_78' title='bbox 372 1195 540 1244; x_wconf 83' lang='lat' dir='ltr'><strong>iterum</strong></span> <span class='ocrx_word' id='word_1_79' title='bbox 578 1197 736 1244; x_wconf 85' lang='lat' dir='ltr'><strong>adstat</strong></span> <span class='ocrx_word' id='word_1_80' title='bbox 766 1202 820 1243; x_wconf 86' lang='lat' dir='ltr'><strong>et</strong></span> <span class='ocrx_word' id='word_1_81' title='bbox 853 1192 1094 1257; x_wconf 70' lang='lat' dir='ltr'><strong>pra-sidet,</strong></span> <span class='ocrx_word' id='word_1_82' title='bbox 1130 1192 1479 1255; x_wconf 65' lang='lat' dir='ltr'><strong>resumptisque</strong></span> <span class='ocrx_word' id='word_1_83' title='bbox 1516 1191 1731 1254; x_wconf 82' lang='lat' dir='ltr'><strong>protinus</strong></span> <span class='ocrx_word' id='word_1_84' title='bbox 1762 1192 2089 1254; x_wconf 68' lang='lat' dir='ltr'><strong>gubernaculis</strong></span> <span class='ocrx_word' id='word_1_85' title='bbox 2101 1195 2385 1256; x_wconf 59' lang='lat' dir='ltr'><strong>agrotantis</strong></span> 
     </span>
     <span class='ocr_line' id='line_1_10' title="bbox 185 1271 2387 1339; baseline -0 -16"><span class='ocrx_word' id='word_1_86' title='bbox 185 1275 345 1323; x_wconf 83' lang='lat' dir='ltr'><strong>omnia</strong></span> <span class='ocrx_word' id='word_1_87' title='bbox 379 1276 703 1339; x_wconf 87' lang='lat' dir='ltr'><strong>dissolutaque</strong></span> <span class='ocrx_word' id='word_1_88' title='bbox 741 1274 939 1337; x_wconf 84' lang='lat' dir='ltr'><strong>antiqua</strong></span> <span class='ocrx_word' id='word_1_89' title='bbox 972 1273 1045 1320; x_wconf 88' lang='lat' dir='ltr'><strong>sui</strong></span> <span class='ocrx_word' id='word_1_90' title='bbox 1086 1272 1348 1336; x_wconf 69' lang='lat' dir='ltr'><strong>agitatione</strong></span> <span class='ocrx_word' id='word_1_91' title='bbox 1382 1271 1634 1327; x_wconf 84' lang='lat' dir='ltr'><strong>convertit,</strong></span> <span class='ocrx_word' id='word_1_92' title='bbox 1669 1282 1805 1318; x_wconf 88' lang='lat' dir='ltr'><strong>ornat</strong></span> <span class='ocrx_word' id='word_1_93' title='bbox 1835 1279 1885 1319; x_wconf 89' lang='lat' dir='ltr'><strong>et</strong></span> <span class='ocrx_word' id='word_1_94' title='bbox 1905 1272 2110 1335; x_wconf 81' lang='lat' dir='ltr'><strong>corrigit,</strong></span> <span class='ocrx_word' id='word_1_95' title='bbox 2134 1274 2387 1337; x_wconf 82' lang='lat' dir='ltr'><strong>mortisque</strong></span> 
     </span>
     <span class='ocr_line' id='line_1_11' title="bbox 180 1351 2387 1416; baseline -0 -14"><span class='ocrx_word' id='word_1_96' title='bbox 180 1364 337 1402; x_wconf 80' lang='lat' dir='ltr'><strong>servat</strong></span> <span class='ocrx_word' id='word_1_97' title='bbox 356 1355 490 1404; x_wconf 84' lang='lat' dir='ltr'><strong>illum</strong></span> <span class='ocrx_word' id='word_1_98' title='bbox 513 1363 563 1403; x_wconf 86' lang='lat' dir='ltr'><strong>et</strong></span> <span class='ocrx_word' id='word_1_99' title='bbox 599 1358 857 1403; x_wconf 68' lang='lat' dir='ltr'>senectutis</span> <span class='ocrx_word' id='word_1_100' title='bbox 877 1353 1111 1416; x_wconf 83' lang='lat' dir='ltr'><strong>ignarum.</strong></span> <span class='ocrx_word' id='word_1_101' title='bbox 1179 1351 1276 1401; x_wconf 85' lang='lat' dir='ltr'><strong>Hic</strong></span> <span class='ocrx_word' id='word_1_102' title='bbox 1298 1367 1409 1415; x_wconf 80' lang='lat' dir='ltr'><strong>ergo</strong></span> <span class='ocrx_word' id='word_1_103' title='bbox 1429 1359 1707 1400; x_wconf 87' lang='lat' dir='ltr'><strong>cunctorum</strong></span> <span class='ocrx_word' id='word_1_104' title='bbox 1730 1351 1889 1401; x_wconf 87' lang='lat' dir='ltr'><strong>dictus</strong></span> <span class='ocrx_word' id='word_1_105' title='bbox 1919 1359 1995 1400; x_wconf 87' lang='lat' dir='ltr'><strong>est</strong></span> <span class='ocrx_word' id='word_1_106' title='bbox 2015 1353 2138 1402; x_wconf 85' lang='lat' dir='ltr'><strong>finis.</strong></span> <span class='ocrx_word' id='word_1_107' title='bbox 2203 1354 2387 1402; x_wconf 80' lang='lat' dir='ltr'><strong>Sufficit</strong></span> 
     </span>
     <span class='ocr_line' id='line_1_12' title="bbox 186 1431 2382 1499; baseline 0.001 -18"><span class='ocrx_word' id='word_1_108' title='bbox 186 1441 347 1483; x_wconf 79' lang='lat' dir='ltr'><strong>nutem</strong></span> <span class='ocrx_word' id='word_1_109' title='bbox 368 1437 460 1485; x_wconf 77' lang='lat' dir='ltr'><strong>hoc</strong></span> <span class='ocrx_word' id='word_1_110' title='bbox 481 1435 543 1484; x_wconf 87' lang='lat' dir='ltr'><strong>ad</strong></span> <span class='ocrx_word' id='word_1_111' title='bbox 564 1435 688 1499; x_wconf 81' lang='lat' dir='ltr'><strong>regis</strong></span> <span class='ocrx_word' id='word_1_112' title='bbox 708 1434 859 1498; x_wconf 88' lang='lat' dir='ltr'><strong>ipsius</strong></span> <span class='ocrx_word' id='word_1_113' title='bbox 880 1431 1213 1489; x_wconf 85' lang='lat' dir='ltr'><strong>ostensionem,</strong></span> <span class='ocrx_word' id='word_1_114' title='bbox 1247 1432 1285 1479; x_wconf 88' lang='lat' dir='ltr'><strong>si</strong></span> <span class='ocrx_word' id='word_1_115' title='bbox 1318 1433 1461 1480; x_wconf 88' lang='lat' dir='ltr'><strong>modo</strong></span> <span class='ocrx_word' id='word_1_116' title='bbox 1486 1446 1627 1495; x_wconf 87' lang='lat' dir='ltr'><strong>supra</strong></span> <span class='ocrx_word' id='word_1_117' title='bbox 1658 1431 1790 1480; x_wconf 80' lang='lat' dir='ltr'><strong>dicta</strong></span> <span class='ocrx_word' id='word_1_118' title='bbox 1811 1440 2076 1482; x_wconf 78' lang='lat' dir='ltr'><strong>teneantur.</strong></span> <span class='ocrx_word' id='word_1_119' title='bbox 2144 1433 2382 1484; x_wconf 78' lang='lat' dir='ltr'><strong>converso</strong></span> 
     </span>
     <span class='ocr_line' id='line_1_13' title="bbox 177 1513 2382 1579; baseline 0 -17"><span class='ocrx_word' id='word_1_120' title='bbox 177 1513 353 1563; x_wconf 77' lang='lat' dir='ltr'><strong>iterum</strong></span> <span class='ocrx_word' id='word_1_121' title='bbox 369 1516 545 1563; x_wconf 88' lang='lat' dir='ltr'><strong>mundo</strong></span> <span class='ocrx_word' id='word_1_122' title='bbox 568 1516 627 1563; x_wconf 78' lang='lat' dir='ltr'><strong>nd</strong></span> <span class='ocrx_word' id='word_1_123' title='bbox 647 1514 888 1579; x_wconf 63' lang='lat' dir='ltr'><strong>praesentis</strong></span> <span class='ocrx_word' id='word_1_124' title='bbox 910 1513 1137 1577; x_wconf 72' lang='lat' dir='ltr'><strong>genitum</strong></span> <span class='ocrx_word' id='word_1_125' title='bbox 1157 1528 1468 1576; x_wconf 79' lang='lat' dir='ltr'><strong>progressum,</strong></span> <span class='ocrx_word' id='word_1_126' title='bbox 1491 1518 1606 1560; x_wconf 76' lang='lat' dir='ltr'><strong>retas</strong></span> <span class='ocrx_word' id='word_1_127' title='bbox 1626 1527 1780 1560; x_wconf 85' lang='lat' dir='ltr'><strong>rursus</strong></span> <span class='ocrx_word' id='word_1_128' title='bbox 1799 1513 1917 1567; x_wconf 76' lang='lat' dir='ltr'><strong>ultra</strong></span> <span class='ocrx_word' id='word_1_129' title='bbox 1937 1513 2156 1577; x_wconf 76' lang='lat' dir='ltr'>progredi</span> <span class='ocrx_word' id='word_1_130' title='bbox 2178 1514 2382 1576; x_wconf 79' lang='lat' dir='ltr'><strong>destitit,</strong></span> 
     </span>
     <span class='ocr_line' id='line_1_14' title="bbox 182 1592 2380 1658; baseline 0 -15"><span class='ocrx_word' id='word_1_131' title='bbox 182 1603 234 1643; x_wconf 89' lang='lat' dir='ltr'><strong>ct</strong></span> <span class='ocrx_word' id='word_1_132' title='bbox 256 1594 478 1642; x_wconf 71' lang='lat' dir='ltr'><strong>novabis</strong></span> <span class='ocrx_word' id='word_1_133' title='bbox 498 1595 748 1652; x_wconf 86' lang='lat' dir='ltr'><strong>contraria,</strong></span> <span class='ocrx_word' id='word_1_134' title='bbox 769 1611 877 1658; x_wconf 76' lang='lat' dir='ltr'><strong>qum</strong></span> <span class='ocrx_word' id='word_1_135' title='bbox 910 1601 1044 1642; x_wconf 85' lang='lat' dir='ltr'><strong>erant</strong></span> <span class='ocrx_word' id='word_1_136' title='bbox 1076 1602 1208 1651; x_wconf 91' lang='lat' dir='ltr'><strong>tunc,</strong></span> <span class='ocrx_word' id='word_1_137' title='bbox 1230 1593 1454 1643; x_wconf 88' lang='lat' dir='ltr'><strong>reddidit.</strong></span> <span class='ocrx_word' id='word_1_138' title='bbox 1523 1592 1763 1641; x_wconf 81' lang='lat' dir='ltr'><strong>Animalia</strong></span> <span class='ocrx_word' id='word_1_139' title='bbox 1802 1609 1942 1656; x_wconf 88' lang='lat' dir='ltr'><strong>porro</strong></span> <span class='ocrx_word' id='word_1_140' title='bbox 1976 1595 2110 1642; x_wconf 87' lang='lat' dir='ltr'><strong>morti</strong></span> <span class='ocrx_word' id='word_1_141' title='bbox 2143 1596 2207 1642; x_wconf 89' lang='lat' dir='ltr'><strong>ob</strong></span> <span class='ocrx_word' id='word_1_142' title='bbox 2228 1595 2380 1658; x_wconf 83' lang='lat' dir='ltr'><strong>ipsam</strong></span> 
     </span>
     <span class='ocr_line' id='line_1_15' title="bbox 184 1674 2384 1738; baseline 0.001 -17"><span class='ocrx_word' id='word_1_143' title='bbox 184 1674 469 1725; x_wconf 72' lang='lat' dir='ltr'><strong>tenuitatem</strong></span> <span class='ocrx_word' id='word_1_144' title='bbox 493 1676 722 1738; x_wconf 84' lang='lat' dir='ltr'><strong>proxima,</strong></span> <span class='ocrx_word' id='word_1_145' title='bbox 742 1684 881 1723; x_wconf 82' lang='lat' dir='ltr'><strong>aucta</strong></span> <span class='ocrx_word' id='word_1_146' title='bbox 903 1682 1045 1723; x_wconf 88' lang='lat' dir='ltr'><strong>sunt:</strong></span> <span class='ocrx_word' id='word_1_147' title='bbox 1081 1689 1188 1738; x_wconf 67' lang='lat' dir='ltr'><strong>quse</strong></span> <span class='ocrx_word' id='word_1_148' title='bbox 1212 1690 1321 1722; x_wconf 81' lang='lat' dir='ltr'><strong>vero</strong></span> <span class='ocrx_word' id='word_1_149' title='bbox 1344 1689 1497 1738; x_wconf 80' lang='lat' dir='ltr'>nuper</span> <span class='ocrx_word' id='word_1_150' title='bbox 1515 1689 1575 1721; x_wconf 84' lang='lat' dir='ltr'><strong>ex</strong></span> <span class='ocrx_word' id='word_1_151' title='bbox 1597 1681 1717 1721; x_wconf 81' lang='lat' dir='ltr'><strong>terra</strong></span> <span class='ocrx_word' id='word_1_152' title='bbox 1753 1689 1873 1722; x_wconf 81' lang='lat' dir='ltr'><strong>cana</strong></span> <span class='ocrx_word' id='word_1_153' title='bbox 1893 1682 2199 1737; x_wconf 74' lang='lat' dir='ltr'><strong>surrexerant,</strong></span> <span class='ocrx_word' id='word_1_154' title='bbox 2220 1676 2384 1724; x_wconf 86' lang='lat' dir='ltr'><strong>iterum</strong></span> 
     </span>
     <span class='ocr_line' id='line_1_16' title="bbox 181 1754 2389 1812; baseline 0.001 -11"><span class='ocrx_word' id='word_1_155' title='bbox 181 1754 232 1801; x_wconf 91' lang='lat' dir='ltr'><strong>in</strong></span> <span class='ocrx_word' id='word_1_156' title='bbox 258 1762 427 1802; x_wconf 83' lang='lat' dir='ltr'><strong>terram</strong></span> <span class='ocrx_word' id='word_1_157' title='bbox 449 1755 697 1805; x_wconf 87' lang='lat' dir='ltr'><strong>morientia</strong></span> <span class='ocrx_word' id='word_1_158' title='bbox 718 1756 1000 1805; x_wconf 87' lang='lat' dir='ltr'><strong>reciderunt.</strong></span> <span class='ocrx_word' id='word_1_159' title='bbox 1067 1755 1237 1804; x_wconf 74' lang='lat' dir='ltr'><strong>Cetera</strong></span> <span class='ocrx_word' id='word_1_160' title='bbox 1259 1755 1370 1802; x_wconf 85' lang='lat' dir='ltr'><strong>item</strong></span> <span class='ocrx_word' id='word_1_161' title='bbox 1393 1755 1555 1802; x_wconf 87' lang='lat' dir='ltr'><strong>omnia</strong></span> <span class='ocrx_word' id='word_1_162' title='bbox 1575 1762 1878 1802; x_wconf 70' lang='lat' dir='ltr'><strong>transmutata</strong></span> <span class='ocrx_word' id='word_1_163' title='bbox 1902 1764 2029 1812; x_wconf 87' lang='lat' dir='ltr'><strong>sunt,</strong></span> <span class='ocrx_word' id='word_1_164' title='bbox 2055 1757 2220 1804; x_wconf 77' lang='lat' dir='ltr'><strong>mundi</strong></span> <span class='ocrx_word' id='word_1_165' title='bbox 2244 1757 2389 1805; x_wconf 89' lang='lat' dir='ltr'><strong>totius</strong></span> 
     </span>
     <span class='ocr_line' id='line_1_17' title="bbox 177 1834 2388 1900; baseline 0 -16"><span class='ocrx_word' id='word_1_166' title='bbox 177 1835 332 1899; x_wconf 73' lang='lat'>[2⁷4]</span> <span class='ocrx_word' id='word_1_167' title='bbox 366 1836 611 1898; x_wconf 85' lang='lat' dir='ltr'><strong>sequentia</strong></span> <span class='ocrx_word' id='word_1_168' title='bbox 657 1836 942 1900; x_wconf 70' lang='lat' dir='ltr'><strong>passionem.</strong></span> <span class='ocrx_word' id='word_1_169' title='bbox 1009 1834 1343 1883; x_wconf 84' lang='lat' dir='ltr'><strong>Generationis</strong></span> <span class='ocrx_word' id='word_1_170' title='bbox 1396 1834 1578 1898; x_wconf 85' lang='lat' dir='ltr'><strong>quippe</strong></span> <span class='ocrx_word' id='word_1_171' title='bbox 1620 1842 1671 1883; x_wconf 88' lang='lat' dir='ltr'><strong>et</strong></span> <span class='ocrx_word' id='word_1_172' title='bbox 1713 1834 2042 1899; x_wconf 71' lang='lat' dir='ltr'><strong>conceptionis</strong></span> <span class='ocrx_word' id='word_1_173' title='bbox 2084 1843 2134 1884; x_wconf 87' lang='lat' dir='ltr'><strong>et</strong></span> <span class='ocrx_word' id='word_1_174' title='bbox 2174 1836 2388 1884; x_wconf 84' lang='lat' dir='ltr'><strong>alimenti</strong></span> 
     </span>
     <span class='ocr_line' id='line_1_18' title="bbox 180 1913 2387 1981; baseline 0.001 -19"><span class='ocrx_word' id='word_1_175' title='bbox 180 1913 388 1963; x_wconf 85' lang='lat' dir='ltr'><strong>imitatio</strong></span> <span class='ocrx_word' id='word_1_176' title='bbox 408 1924 580 1964; x_wconf 86' lang='lat' dir='ltr'><strong>cuncta</strong></span> <span class='ocrx_word' id='word_1_177' title='bbox 604 1916 865 1965; x_wconf 82' lang='lat' dir='ltr'><strong>necessario</strong></span> <span class='ocrx_word' id='word_1_178' title='bbox 889 1923 1048 1965; x_wconf 72' lang='lat' dir='ltr'><strong>secuta</strong></span> <span class='ocrx_word' id='word_1_179' title='bbox 1068 1922 1158 1965; x_wconf 89' lang='lat' dir='ltr'><strong>est.</strong></span> <span class='ocrx_word' id='word_1_180' title='bbox 1226 1915 1400 1979; x_wconf 81' lang='lat' dir='ltr'>Neque</span> <span class='ocrx_word' id='word_1_181' title='bbox 1430 1915 1560 1963; x_wconf 86' lang='lat' dir='ltr'><strong>enim</strong></span> <span class='ocrx_word' id='word_1_182' title='bbox 1592 1915 1793 1963; x_wconf 79' lang='lat' dir='ltr'><strong>dabatur</strong></span> <span class='ocrx_word' id='word_1_183' title='bbox 1828 1915 2046 1980; x_wconf 88' lang='lat' dir='ltr'><strong>amplius,</strong></span> <span class='ocrx_word' id='word_1_184' title='bbox 2077 1916 2129 1964; x_wconf 90' lang='lat' dir='ltr'><strong>in</strong></span> <span class='ocrx_word' id='word_1_185' title='bbox 2153 1924 2271 1965; x_wconf 78' lang='lat' dir='ltr'><strong>term</strong></span> <span class='ocrx_word' id='word_1_186' title='bbox 2305 1933 2387 1981; x_wconf 86' lang='lat' dir='ltr'><strong>per</strong></span> 
     </span>
     <span class='ocr_line' id='line_1_19' title="bbox 186 1995 2389 2061; baseline 0.001 -18"><span class='ocrx_word' id='word_1_187' title='bbox 186 2010 354 2045; x_wconf 86' lang='lat' dir='ltr'><strong>causas</strong></span> <span class='ocrx_word' id='word_1_188' title='bbox 374 1995 490 2044; x_wconf 85' lang='lat' dir='ltr'><strong>alias</strong></span> <span class='ocrx_word' id='word_1_189' title='bbox 509 2005 849 2061; x_wconf 74' lang='lat' dir='ltr'><strong>componentes</strong></span> <span class='ocrx_word' id='word_1_190' title='bbox 866 1997 1037 2046; x_wconf 81' lang='lat' dir='ltr'><strong>animal</strong></span> <span class='ocrx_word' id='word_1_191' title='bbox 1062 1996 1178 2045; x_wconf 81' lang='lat' dir='ltr'><strong>fieri.</strong></span> <span class='ocrx_word' id='word_1_192' title='bbox 1213 2012 1321 2045; x_wconf 85' lang='lat' dir='ltr'><strong>nam</strong></span> <span class='ocrx_word' id='word_1_193' title='bbox 1343 1997 1740 2060; x_wconf 69' lang='lat' dir='ltr'><strong>quemadmodum</strong></span> <span class='ocrx_word' id='word_1_194' title='bbox 1759 1997 2024 2045; x_wconf 86' lang='lat' dir='ltr'><strong>institutum</strong></span> <span class='ocrx_word' id='word_1_195' title='bbox 2049 1998 2157 2061; x_wconf 80' lang='lat' dir='ltr'><strong>suit,</strong></span> <span class='ocrx_word' id='word_1_196' title='bbox 2178 2007 2231 2045; x_wconf 89' lang='lat' dir='ltr'><strong>ut</strong></span> <span class='ocrx_word' id='word_1_197' title='bbox 2254 2014 2389 2046; x_wconf 86' lang='lat' dir='ltr'><strong>mun-</strong></span> 
     </span>
     <span class='ocr_line' id='line_1_20' title="bbox 188 2076 2388 2142; baseline 0 -18"><span class='ocrx_word' id='word_1_198' title='bbox 188 2076 284 2124; x_wconf 91' lang='lat' dir='ltr'><strong>dus</strong></span> <span class='ocrx_word' id='word_1_199' title='bbox 326 2077 545 2126; x_wconf 87' lang='lat' dir='ltr'><strong>motionis</strong></span> <span class='ocrx_word' id='word_1_200' title='bbox 584 2094 680 2126; x_wconf 75' lang='lat' dir='ltr'><strong>snas</strong></span> <span class='ocrx_word' id='word_1_201' title='bbox 718 2079 936 2127; x_wconf 86' lang='lat' dir='ltr'><strong>dominus</strong></span> <span class='ocrx_word' id='word_1_202' title='bbox 973 2086 1129 2127; x_wconf 73' lang='lat' dir='ltr'><strong>esset:</strong></span> <span class='ocrx_word' id='word_1_203' title='bbox 1163 2077 1230 2125; x_wconf 89' lang='lat' dir='ltr'><strong>ita</strong></span> <span class='ocrx_word' id='word_1_204' title='bbox 1265 2077 1403 2125; x_wconf 88' lang='lat' dir='ltr'><strong>simili</strong></span> <span class='ocrx_word' id='word_1_205' title='bbox 1442 2079 1647 2142; x_wconf 86' lang='lat' dir='ltr'><strong>quadam</strong></span> <span class='ocrx_word' id='word_1_206' title='bbox 1679 2078 1905 2127; x_wconf 84' lang='lat' dir='ltr'><strong>ductione</strong></span> <span class='ocrx_word' id='word_1_207' title='bbox 1938 2079 2135 2136; x_wconf 73' lang='lat' dir='ltr'><strong>factum,</strong></span> <span class='ocrx_word' id='word_1_208' title='bbox 2158 2086 2388 2142; x_wconf 56' lang='lat' dir='ltr'><strong>nepas-tes</strong></span> 
     </span>
     <span class='ocr_line' id='line_1_21' title="bbox 189 2157 2388 2223; baseline -0 -18"><span class='ocrx_word' id='word_1_209' title='bbox 189 2158 358 2206; x_wconf 78' lang='lat' dir='ltr'><strong>mundi</strong></span> <span class='ocrx_word' id='word_1_210' title='bbox 381 2172 462 2221; x_wconf 91' lang='lat' dir='ltr'><strong>per</strong></span> <span class='ocrx_word' id='word_1_211' title='bbox 482 2174 534 2206; x_wconf 89' lang='lat' dir='ltr'><strong>se</strong></span> <span class='ocrx_word' id='word_1_212' title='bbox 556 2159 699 2221; x_wconf 82' lang='lat' dir='ltr'><strong>ipsas,</strong></span> <span class='ocrx_word' id='word_1_213' title='bbox 720 2160 877 2223; x_wconf 83' lang='lat' dir='ltr'><strong>quoad</strong></span> <span class='ocrx_word' id='word_1_214' title='bbox 899 2158 1001 2207; x_wconf 77' lang='lat' dir='ltr'><strong>fieri</strong></span> <span class='ocrx_word' id='word_1_215' title='bbox 1024 2165 1197 2222; x_wconf 85' lang='lat' dir='ltr'><strong>potest,</strong></span> <span class='ocrx_word' id='word_1_216' title='bbox 1212 2167 1442 2223; x_wconf 73' lang='lat' dir='ltr'><strong>generent</strong></span> <span class='ocrx_word' id='word_1_217' title='bbox 1462 2165 1513 2207; x_wconf 89' lang='lat' dir='ltr'><strong>et</strong></span> <span class='ocrx_word' id='word_1_218' title='bbox 1531 2167 1783 2207; x_wconf 72' lang='lat' dir='ltr'><strong>nascantur</strong></span> <span class='ocrx_word' id='word_1_219' title='bbox 1802 2166 1852 2206; x_wconf 90' lang='lat' dir='ltr'><strong>et</strong></span> <span class='ocrx_word' id='word_1_220' title='bbox 1870 2159 2096 2208; x_wconf 80' lang='lat' dir='ltr'><strong>nutriant.</strong></span> <span class='ocrx_word' id='word_1_221' title='bbox 2149 2157 2256 2206; x_wconf 85' lang='lat' dir='ltr'><strong>Jam</strong></span> <span class='ocrx_word' id='word_1_222' title='bbox 2278 2173 2388 2205; x_wconf 80' lang='lat' dir='ltr'><strong>vero</strong></span> 
     </span>
     <span class='ocr_line' id='line_1_22' title="bbox 182 2237 2386 2303; baseline -0 -16"><span class='ocrx_word' id='word_1_223' title='bbox 182 2239 247 2287; x_wconf 84' lang='lat' dir='ltr'><strong>ad</strong></span> <span class='ocrx_word' id='word_1_224' title='bbox 268 2238 320 2286; x_wconf 86' lang='lat' dir='ltr'><strong>id</strong></span> <span class='ocrx_word' id='word_1_225' title='bbox 338 2240 655 2302; x_wconf 79' lang='lat' dir='ltr'><strong>pervenimus,</strong></span> <span class='ocrx_word' id='word_1_226' title='bbox 676 2241 736 2287; x_wconf 83' lang='lat' dir='ltr'><strong>ad</strong></span> <span class='ocrx_word' id='word_1_227' title='bbox 760 2239 892 2303; x_wconf 89' lang='lat' dir='ltr'><strong>quod</strong></span> <span class='ocrx_word' id='word_1_228' title='bbox 914 2248 1072 2286; x_wconf 84' lang='lat' dir='ltr'><strong>nostra</strong></span> <span class='ocrx_word' id='word_1_229' title='bbox 1094 2240 1246 2286; x_wconf 88' lang='lat' dir='ltr'><strong>omnis</strong></span> <span class='ocrx_word' id='word_1_230' title='bbox 1268 2237 1474 2302; x_wconf 78' lang='lat' dir='ltr'><strong>respexit</strong></span> <span class='ocrx_word' id='word_1_231' title='bbox 1494 2239 1661 2286; x_wconf 88' lang='lat' dir='ltr'><strong>oratio.</strong></span> <span class='ocrx_word' id='word_1_232' title='bbox 1689 2266 1694 2273; x_wconf 86' lang='lat'><strong>·</strong></span> <span class='ocrx_word' id='word_1_233' title='bbox 1729 2238 1807 2286; x_wconf 88' lang='lat' dir='ltr'><strong>De</strong></span> <span class='ocrx_word' id='word_1_234' title='bbox 1831 2237 2019 2300; x_wconf 89' lang='lat' dir='ltr'><strong>reliquis</strong></span> <span class='ocrx_word' id='word_1_235' title='bbox 2033 2237 2159 2285; x_wconf 84' lang='lat' dir='ltr'><strong>enim</strong></span> <span class='ocrx_word' id='word_1_236' title='bbox 2174 2237 2386 2286; x_wconf 77' lang='lat' dir='ltr'><strong>animan·</strong></span> 
     </span>
     <span class='ocr_line' id='line_1_23' title="bbox 178 2317 2387 2382; baseline -0.002 -16"><span class='ocrx_word' id='word_1_237' title='bbox 178 2317 315 2366; x_wconf 74' lang='lat' dir='ltr'><strong>tibus</strong></span> <span class='ocrx_word' id='word_1_238' title='bbox 336 2319 485 2367; x_wconf 86' lang='lat' dir='ltr'><strong>muita</strong></span> <span class='ocrx_word' id='word_1_239' title='bbox 504 2326 557 2367; x_wconf 89' lang='lat' dir='ltr'><strong>et</strong></span> <span class='ocrx_word' id='word_1_240' title='bbox 575 2334 745 2382; x_wconf 76' lang='lat' dir='ltr'><strong>magna</strong></span> <span class='ocrx_word' id='word_1_241' title='bbox 766 2319 924 2367; x_wconf 84' lang='lat' dir='ltr'><strong>referri</strong></span> <span class='ocrx_word' id='word_1_242' title='bbox 947 2326 1157 2381; x_wconf 80' lang='lat' dir='ltr'><strong>possent,</strong></span> <span class='ocrx_word' id='word_1_243' title='bbox 1179 2334 1236 2366; x_wconf 82' lang='lat' dir='ltr'><strong>ex</strong></span> <span class='ocrx_word' id='word_1_244' title='bbox 1257 2318 1433 2382; x_wconf 87' lang='lat' dir='ltr'><strong>quibus</strong></span> <span class='ocrx_word' id='word_1_245' title='bbox 1448 2332 1650 2382; x_wconf 75' lang='lat' dir='ltr'><strong>qua-que</strong></span> <span class='ocrx_word' id='word_1_246' title='bbox 1673 2324 1725 2366; x_wconf 89' lang='lat' dir='ltr'><strong>et</strong></span> <span class='ocrx_word' id='word_1_247' title='bbox 1741 2332 1859 2381; x_wconf 85' lang='lat' dir='ltr'><strong>quas</strong></span> <span class='ocrx_word' id='word_1_248' title='bbox 1883 2318 1946 2363; x_wconf 87' lang='lat' dir='ltr'><strong>ob</strong></span> <span class='ocrx_word' id='word_1_249' title='bbox 1965 2330 2133 2364; x_wconf 74' lang='lat' dir='ltr'><strong>causas</strong></span> <span class='ocrx_word' id='word_1_250' title='bbox 2159 2322 2387 2363; x_wconf 85' lang='lat' dir='ltr'><strong>transmu-</strong></span> 
     </span>
     <span class='ocr_line' id='line_1_24' title="bbox 174 2396 2386 2461; baseline -0.002 -14"><span class='ocrx_word' id='word_1_251' title='bbox 174 2406 285 2447; x_wconf 76' lang='lat' dir='ltr'><strong>tata</strong></span> <span class='ocrx_word' id='word_1_252' title='bbox 317 2399 526 2447; x_wconf 74' lang='lat' dir='ltr'><strong>suerunt.</strong></span> <span class='ocrx_word' id='word_1_253' title='bbox 617 2400 742 2457; x_wconf 72' lang='lat' dir='ltr'><strong>Ques</strong></span> <span class='ocrx_word' id='word_1_254' title='bbox 780 2414 889 2448; x_wconf 80' lang='lat' dir='ltr'><strong>vero</strong></span> <span class='ocrx_word' id='word_1_255' title='bbox 933 2399 1059 2447; x_wconf 88' lang='lat' dir='ltr'><strong>circa</strong></span> <span class='ocrx_word' id='word_1_256' title='bbox 1100 2399 1314 2446; x_wconf 85' lang='lat' dir='ltr'><strong>homines</strong></span> <span class='ocrx_word' id='word_1_257' title='bbox 1352 2398 1670 2461; x_wconf 72' lang='lat' dir='ltr'><strong>contigerunt,</strong></span> <span class='ocrx_word' id='word_1_258' title='bbox 1717 2397 1927 2445; x_wconf 80' lang='lat' dir='ltr'><strong>breviora</strong></span> <span class='ocrx_word' id='word_1_259' title='bbox 1977 2403 2089 2443; x_wconf 88' lang='lat' dir='ltr'><strong>sunt</strong></span> <span class='ocrx_word' id='word_1_260' title='bbox 2130 2403 2180 2443; x_wconf 86' lang='lat' dir='ltr'><strong>et</strong></span> <span class='ocrx_word' id='word_1_261' title='bbox 2234 2396 2386 2459; x_wconf 80' lang='lat' dir='ltr'><strong>magis</strong></span> 
     </span>
     <span class='ocr_line' id='line_1_25' title="bbox 176 2477 2389 2543; baseline -0.002 -15"><span class='ocrx_word' id='word_1_262' title='bbox 176 2480 241 2528; x_wconf 84' lang='lat' dir='ltr'><strong>ad</strong></span> <span class='ocrx_word' id='word_1_263' title='bbox 292 2492 387 2527; x_wconf 84' lang='lat' dir='ltr'><strong>rem</strong></span> <span class='ocrx_word' id='word_1_264' title='bbox 430 2478 649 2529; x_wconf 77' lang='lat' dir='ltr'><strong>attinent.</strong></span> <span class='ocrx_word' id='word_1_265' title='bbox 716 2480 837 2529; x_wconf 90' lang='lat' dir='ltr'><strong>Cum</strong></span> <span class='ocrx_word' id='word_1_266' title='bbox 880 2478 1095 2530; x_wconf 85' lang='lat' dir='ltr'><strong>homines</strong></span> <span class='ocrx_word' id='word_1_267' title='bbox 1136 2479 1339 2543; x_wconf 74' lang='lat' dir='ltr'><strong>pastoris</strong></span> <span class='ocrx_word' id='word_1_268' title='bbox 1372 2477 1678 2543; x_wconf 61' lang='lat' dir='ltr'><strong>praesidisque</strong></span> <span class='ocrx_word' id='word_1_269' title='bbox 1717 2477 1925 2543; x_wconf 88' lang='lat' dir='ltr'><strong>ipsorum</strong></span> <span class='ocrx_word' id='word_1_270' title='bbox 1965 2477 2195 2525; x_wconf 74' lang='lat' dir='ltr'><strong>daemonis</strong></span> <span class='ocrx_word' id='word_1_271' title='bbox 2231 2483 2389 2526; x_wconf 87' lang='lat' dir='ltr'><strong>essent</strong></span> 
     </span>
     <span class='ocr_line' id='line_1_26' title="bbox 176 2557 2388 2624; baseline -0.001 -16"><span class='ocrx_word' id='word_1_272' title='bbox 176 2558 487 2624; x_wconf 73' lang='lat' dir='ltr'><strong>providentia</strong></span> <span class='ocrx_word' id='word_1_273' title='bbox 526 2559 761 2618; x_wconf 87' lang='lat' dir='ltr'><strong>destituti,</strong></span> <span class='ocrx_word' id='word_1_274' title='bbox 800 2568 852 2608; x_wconf 88' lang='lat' dir='ltr'><strong>et</strong></span> <span class='ocrx_word' id='word_1_275' title='bbox 894 2560 1115 2608; x_wconf 85' lang='lat' dir='ltr'><strong>animalia</strong></span> <span class='ocrx_word' id='word_1_276' title='bbox 1156 2560 1322 2618; x_wconf 88' lang='lat' dir='ltr'><strong>multa,</strong></span> <span class='ocrx_word' id='word_1_277' title='bbox 1365 2575 1474 2624; x_wconf 79' lang='lat' dir='ltr'><strong>quae</strong></span> <span class='ocrx_word' id='word_1_278' title='bbox 1506 2563 1674 2624; x_wconf 77' lang='lat' dir='ltr'><strong>suapte</strong></span> <span class='ocrx_word' id='word_1_279' title='bbox 1715 2567 1883 2607; x_wconf 81' lang='lat' dir='ltr'><strong>natura</strong></span> <span class='ocrx_word' id='word_1_280' title='bbox 1919 2557 2142 2606; x_wconf 80' lang='lat' dir='ltr'><strong>immania</strong></span> <span class='ocrx_word' id='word_1_281' title='bbox 2185 2560 2388 2614; x_wconf 72' lang='lat' dir='ltr'><strong>fueraut,</strong></span> 
     </span>
     <span class='ocr_line' id='line_1_27' title="bbox 180 2635 2385 2705; baseline -0.001 -16"><span class='ocrx_word' id='word_1_282' title='bbox 180 2641 380 2689; x_wconf 74' lang='lat' dir='ltr'><strong>effes-ata</strong></span> <span class='ocrx_word' id='word_1_283' title='bbox 402 2639 568 2690; x_wconf 85' lang='lat' dir='ltr'><strong>iterum</strong></span> <span class='ocrx_word' id='word_1_284' title='bbox 592 2649 765 2699; x_wconf 80' lang='lat' dir='ltr'><strong>essent,</strong></span> <span class='ocrx_word' id='word_1_285' title='bbox 788 2640 987 2688; x_wconf 83' lang='lat' dir='ltr'><strong>inermes</strong></span> <span class='ocrx_word' id='word_1_286' title='bbox 1009 2641 1098 2704; x_wconf 83' lang='lat' dir='ltr'><strong>ipsi</strong></span> <span class='ocrx_word' id='word_1_287' title='bbox 1120 2635 1475 2705; x_wconf 69' lang='lat' dir='ltr'><strong>imbecillesque</strong></span> <span class='ocrx_word' id='word_1_288' title='bbox 1497 2649 1548 2688; x_wconf 90' lang='lat' dir='ltr'><strong>et</strong></span> <span class='ocrx_word' id='word_1_289' title='bbox 1565 2641 1782 2689; x_wconf 84' lang='lat' dir='ltr'><strong>custodia</strong></span> <span class='ocrx_word' id='word_1_290' title='bbox 1802 2639 2013 2689; x_wconf 71' lang='lat' dir='ltr'><strong>derelicti</strong></span> <span class='ocrx_word' id='word_1_291' title='bbox 2029 2639 2197 2688; x_wconf 84' lang='lat' dir='ltr'><strong>abillis</strong></span> <span class='ocrx_word' id='word_1_292' title='bbox 2212 2640 2385 2704; x_wconf 81' lang='lat' dir='ltr'><strong>passim</strong></span> 
     </span>
     <span class='ocr_line' id='line_1_28' title="bbox 174 2720 2385 2787; baseline 0.001 -20"><span class='ocrx_word' id='word_1_293' title='bbox 174 2720 552 2770; x_wconf 67' lang='lat' dir='ltr'><strong>dilaniabantur.</strong></span> <span class='ocrx_word' id='word_1_294' title='bbox 622 2721 899 2771; x_wconf 71' lang='lat' dir='ltr'><strong>Accedebat</strong></span> <span class='ocrx_word' id='word_1_295' title='bbox 941 2722 1109 2774; x_wconf 84' lang='lat' dir='ltr'><strong>inertia</strong></span> <span class='ocrx_word' id='word_1_296' title='bbox 1149 2729 1202 2771; x_wconf 90' lang='lat' dir='ltr'><strong>et</strong></span> <span class='ocrx_word' id='word_1_297' title='bbox 1242 2721 1478 2786; x_wconf 80' lang='lat' dir='ltr'><strong>imperitia</strong></span> <span class='ocrx_word' id='word_1_298' title='bbox 1516 2722 1808 2787; x_wconf 76' lang='lat' dir='ltr'><strong>superiorum</strong></span> <span class='ocrx_word' id='word_1_299' title='bbox 1854 2728 2139 2784; x_wconf 89' lang='lat' dir='ltr'><strong>temporum,</strong></span> <span class='ocrx_word' id='word_1_300' title='bbox 2173 2722 2385 2770; x_wconf 78' lang='lat' dir='ltr'><strong>laborum</strong></span> 
     </span>
     <span class='ocr_line' id='line_1_29' title="bbox 182 2801 2387 2868; baseline 0 -20"><span class='ocrx_word' id='word_1_301' title='bbox 182 2801 314 2849; x_wconf 81' lang='lat' dir='ltr'><strong>enim</strong></span> <span class='ocrx_word' id='word_1_302' title='bbox 337 2816 645 2868; x_wconf 73' lang='lat' dir='ltr'><strong>curarumque</strong></span> <span class='ocrx_word' id='word_1_303' title='bbox 668 2804 814 2852; x_wconf 90' lang='lat' dir='ltr'><strong>nescii</strong></span> <span class='ocrx_word' id='word_1_304' title='bbox 835 2804 1061 2853; x_wconf 78' lang='lat' dir='ltr'><strong>vixerant.</strong></span> <span class='ocrx_word' id='word_1_305' title='bbox 1125 2803 1288 2852; x_wconf 84' lang='lat' dir='ltr'><strong>Tellus</strong></span> <span class='ocrx_word' id='word_1_306' title='bbox 1309 2805 1434 2852; x_wconf 71' lang='lat' dir='ltr'><strong>haud</strong></span> <span class='ocrx_word' id='word_1_307' title='bbox 1460 2803 1580 2851; x_wconf 87' lang='lat' dir='ltr'><strong>ultra</strong></span> <span class='ocrx_word' id='word_1_308' title='bbox 1617 2804 1795 2852; x_wconf 78' lang='lat' dir='ltr'><strong>victum</strong></span> <span class='ocrx_word' id='word_1_309' title='bbox 1817 2811 1987 2864; x_wconf 85' lang='lat' dir='ltr'><strong>sponte</strong></span> <span class='ocrx_word' id='word_1_310' title='bbox 2019 2802 2387 2865; x_wconf 69' lang='lat' dir='ltr'><strong>suppeditabat-2</strong></span> 
     </span>
     <span class='ocr_line' id='line_1_30' title="bbox 183 2879 2387 2946; baseline -0.001 -14"><span class='ocrx_word' id='word_1_311' title='bbox 183 2882 497 2945; x_wconf 68' lang='lat' dir='ltr'><strong>comparandi</strong></span> <span class='ocrx_word' id='word_1_312' title='bbox 517 2899 627 2932; x_wconf 86' lang='lat' dir='ltr'><strong>vero</strong></span> <span class='ocrx_word' id='word_1_313' title='bbox 648 2884 875 2932; x_wconf 83' lang='lat' dir='ltr'><strong>industria</strong></span> <span class='ocrx_word' id='word_1_314' title='bbox 900 2886 1111 2933; x_wconf 87' lang='lat' dir='ltr'><strong>nondum</strong></span> <span class='ocrx_word' id='word_1_315' title='bbox 1134 2886 1345 2942; x_wconf 84' lang='lat' dir='ltr'><strong>inventa,</strong></span> <span class='ocrx_word' id='word_1_316' title='bbox 1378 2885 1491 2946; x_wconf 88' lang='lat' dir='ltr'><strong>quia</strong></span> <span class='ocrx_word' id='word_1_317' title='bbox 1512 2883 1645 2931; x_wconf 89' lang='lat' dir='ltr'><strong>nulla</strong></span> <span class='ocrx_word' id='word_1_318' title='bbox 1663 2882 1919 2931; x_wconf 75' lang='lat' dir='ltr'><strong>necessitas</strong></span> <span class='ocrx_word' id='word_1_319' title='bbox 1951 2879 2061 2928; x_wconf 89' lang='lat' dir='ltr'><strong>illos</strong></span> <span class='ocrx_word' id='word_1_320' title='bbox 2081 2890 2191 2929; x_wconf 85' lang='lat' dir='ltr'><strong>ante</strong></span> <span class='ocrx_word' id='word_1_321' title='bbox 2213 2881 2387 2944; x_wconf 59' lang='lat' dir='ltr'><strong>weg&amp;h</strong></span> 
     </span>
     <span class='ocr_line' id='line_1_31' title="bbox 184 2961 2388 3026; baseline -0.002 -15"><span class='ocrx_word' id='word_1_322' title='bbox 184 2969 280 3011; x_wconf 84' lang='lat' dir='ltr'><strong>rat.</strong></span> <span class='ocrx_word' id='word_1_323' title='bbox 343 2962 434 3011; x_wconf 84' lang='lat' dir='ltr'><strong>His</strong></span> <span class='ocrx_word' id='word_1_324' title='bbox 455 2964 517 3012; x_wconf 86' lang='lat' dir='ltr'><strong>de</strong></span> <span class='ocrx_word' id='word_1_325' title='bbox 534 2965 693 3013; x_wconf 83' lang='lat' dir='ltr'><strong>causis</strong></span> <span class='ocrx_word' id='word_1_326' title='bbox 715 2965 761 3013; x_wconf 91' lang='lat' dir='ltr'><strong>in</strong></span> <span class='ocrx_word' id='word_1_327' title='bbox 785 2982 1016 3013; x_wconf 89' lang='lat' dir='ltr'><strong>summum</strong></span> <span class='ocrx_word' id='word_1_328' title='bbox 1037 2964 1289 3013; x_wconf 75' lang='lat' dir='ltr'><strong>discrimen</strong></span> <span class='ocrx_word' id='word_1_329' title='bbox 1304 2972 1448 3026; x_wconf 86' lang='lat' dir='ltr'><strong>atque</strong></span> <span class='ocrx_word' id='word_1_330' title='bbox 1468 2963 1711 3026; x_wconf 88' lang='lat' dir='ltr'><strong>penuriam</strong></span> <span class='ocrx_word' id='word_1_331' title='bbox 1726 2962 1912 3008; x_wconf 87' lang='lat' dir='ltr'><strong>illorum</strong></span> <span class='ocrx_word' id='word_1_332' title='bbox 1929 2961 2134 3008; x_wconf 69' lang='lat' dir='ltr'><strong>redacto</strong></span> <span class='ocrx_word' id='word_1_333' title='bbox 2151 2976 2221 3007; x_wconf 89' lang='lat' dir='ltr'><strong>res</strong></span> <span class='ocrx_word' id='word_1_334' title='bbox 2238 2968 2388 3007; x_wconf 83' lang='lat' dir='ltr'><strong>crant.</strong></span> 
     </span>
     <span class='ocr_line' id='line_1_32' title="bbox 187 3039 2389 3108; baseline -0.002 -17"><span class='ocrx_word' id='word_1_335' title='bbox 187 3045 501 3108; x_wconf 76' lang='lat' dir='ltr'><strong>Quapropter</strong></span> <span class='ocrx_word' id='word_1_336' title='bbox 520 3060 711 3093; x_wconf 83' lang='lat' dir='ltr'><strong>munera</strong></span> <span class='ocrx_word' id='word_1_337' title='bbox 731 3046 828 3108; x_wconf 82' lang='lat' dir='ltr'><strong>illa,</strong></span> <span class='ocrx_word' id='word_1_338' title='bbox 850 3061 957 3108; x_wconf 69' lang='lat' dir='ltr'><strong>quse</strong></span> <span class='ocrx_word' id='word_1_339' title='bbox 978 3046 1090 3092; x_wconf 86' lang='lat' dir='ltr'><strong>olim</strong></span> <span class='ocrx_word' id='word_1_340' title='bbox 1113 3061 1141 3091; x_wconf 89' lang='lat' dir='ltr'><strong>a</strong></span> <span class='ocrx_word' id='word_1_341' title='bbox 1163 3045 1256 3091; x_wconf 86' lang='lat' dir='ltr'><strong>diis</strong></span> <span class='ocrx_word' id='word_1_342' title='bbox 1291 3045 1462 3090; x_wconf 75' lang='lat' dir='ltr'><strong>tributa</strong></span> <span class='ocrx_word' id='word_1_343' title='bbox 1489 3042 1755 3089; x_wconf 78' lang='lat' dir='ltr'><strong>hominibus</strong></span> <span class='ocrx_word' id='word_1_344' title='bbox 1776 3046 2106 3095; x_wconf 83' lang='lat' dir='ltr'><strong>memorantur,</strong></span> <span class='ocrx_word' id='word_1_345' title='bbox 2128 3039 2389 3086; x_wconf 79' lang='lat' dir='ltr'><strong>necessaria</strong></span> 
     </span>
     <span class='ocr_line' id='line_1_33' title="bbox 182 3117 2387 3187; baseline -0.003 -15"><span class='ocrx_word' id='word_1_346' title='bbox 182 3125 393 3187; x_wconf 72' lang='lat' dir='ltr'><strong>quadam</strong></span> <span class='ocrx_word' id='word_1_347' title='bbox 428 3124 681 3187; x_wconf 64' lang='lat' dir='ltr'><strong>disciplina</strong></span> <span class='ocrx_word' id='word_1_348' title='bbox 715 3124 1074 3187; x_wconf 85' lang='lat' dir='ltr'><strong>eruditioneque</strong></span> <span class='ocrx_word' id='word_1_349' title='bbox 1117 3122 1292 3170; x_wconf 84' lang='lat' dir='ltr'><strong>tributa</strong></span> <span class='ocrx_word' id='word_1_350' title='bbox 1329 3123 1535 3170; x_wconf 76' lang='lat' dir='ltr'><strong>fuemnt.</strong></span> <span class='ocrx_word' id='word_1_351' title='bbox 1599 3120 1648 3168; x_wconf 79' lang='lat' dir='ltr'>A</span> <span class='ocrx_word' id='word_1_352' title='bbox 1687 3119 1969 3168; x_wconf 83' lang='lat' dir='ltr'><strong>Prometheo</strong></span> <span class='ocrx_word' id='word_1_353' title='bbox 2008 3118 2202 3182; x_wconf 89' lang='lat' dir='ltr'><strong>quidem</strong></span> <span class='ocrx_word' id='word_1_354' title='bbox 2234 3117 2387 3180; x_wconf 79' lang='lat' dir='ltr'><strong>ignis:</strong></span> 
     </span>
     <span class='ocr_line' id='line_1_34' title="bbox 182 3197 2389 3266; baseline -0.004 -14"><span class='ocrx_word' id='word_1_355' title='bbox 182 3210 312 3252; x_wconf 71' lang='lat' dir='ltr'><strong>artes</strong></span> <span class='ocrx_word' id='word_1_356' title='bbox 330 3211 491 3251; x_wconf 83' lang='lat' dir='ltr'><strong>autem</strong></span> <span class='ocrx_word' id='word_1_357' title='bbox 512 3217 541 3250; x_wconf 89' lang='lat' dir='ltr'><strong>a</strong></span> <span class='ocrx_word' id='word_1_358' title='bbox 564 3202 785 3251; x_wconf 82' lang='lat' dir='ltr'><strong>Vulcano</strong></span> <span class='ocrx_word' id='word_1_359' title='bbox 806 3202 1030 3266; x_wconf 86' lang='lat' dir='ltr'><strong>illiusque</strong></span> <span class='ocrx_word' id='word_1_360' title='bbox 1051 3209 1268 3251; x_wconf 80' lang='lat' dir='ltr'><strong>consorte</strong></span> <span class='ocrx_word' id='word_1_361' title='bbox 1281 3219 1299 3249; x_wconf 72' lang='lat' dir='ltr'><strong>e</strong></span> <span class='ocrx_word' id='word_1_362' title='bbox 1334 3202 1514 3251; x_wconf 85' lang='lat' dir='ltr'><strong>semina</strong></span> <span class='ocrx_word' id='word_1_363' title='bbox 1534 3216 1725 3266; x_wconf 86' lang='lat' dir='ltr'><strong>quoque</strong></span> <span class='ocrx_word' id='word_1_364' title='bbox 1758 3207 1808 3247; x_wconf 89' lang='lat' dir='ltr'><strong>et</strong></span> <span class='ocrx_word' id='word_1_365' title='bbox 1828 3206 1958 3246; x_wconf 70' lang='lat' dir='ltr'><strong>terrae</strong></span> <span class='ocrx_word' id='word_1_366' title='bbox 1991 3198 2147 3247; x_wconf 84' lang='lat' dir='ltr'><strong>cultus</strong></span> <span class='ocrx_word' id='word_1_367' title='bbox 2167 3198 2227 3245; x_wconf 83' lang='lat' dir='ltr'><strong>ab</strong></span> <span class='ocrx_word' id='word_1_368' title='bbox 2250 3197 2355 3246; x_wconf 85' lang='lat' dir='ltr'><strong>aliis</strong></span> <span class='ocrx_word' id='word_1_369' title='bbox 2377 3215 2389 3243; x_wconf 91' lang='lat'>:</span> 
     </span>
     <span class='ocr_line' id='line_1_35' title="bbox 184 3282 2394 3342; baseline -0.004 -9"><span class='ocrx_word' id='word_1_370' title='bbox 184 3283 637 3334; x_wconf 77' lang='lat' dir='ltr'><strong>omniasummatirn</strong></span> <span class='ocrx_word' id='word_1_371' title='bbox 676 3285 785 3331; x_wconf 76' lang='lat' dir='ltr'><strong>vitae</strong></span> <span class='ocrx_word' id='word_1_372' title='bbox 819 3283 1059 3331; x_wconf 86' lang='lat' dir='ltr'><strong>hominum</strong></span> <span class='ocrx_word' id='word_1_373' title='bbox 1096 3282 1384 3332; x_wconf 67' lang='lat' dir='ltr'><strong>adminicula</strong></span> <span class='ocrx_word' id='word_1_374' title='bbox 1417 3292 1529 3330; x_wconf 87' lang='lat' dir='ltr'><strong>tunc</strong></span> <span class='ocrx_word' id='word_1_375' title='bbox 1562 3283 1756 3329; x_wconf 85' lang='lat' dir='ltr'><strong>deorum</strong></span> <span class='ocrx_word' id='word_1_376' title='bbox 1789 3294 1933 3342; x_wconf 83' lang='lat' dir='ltr'><strong>opera</strong></span> <span class='ocrx_word' id='word_1_377' title='bbox 1965 3285 2090 3328; x_wconf 74' lang='lat' dir='ltr'><strong>sunt,</strong></span> <span class='ocrx_word' id='word_1_378' title='bbox 2108 3284 2394 3341; x_wconf 83' lang='lat' dir='ltr'><strong>comparata,</strong></span> 
     </span>
     <span class='ocr_line' id='line_1_36' title="bbox 179 3359 2392 3428; baseline -0.004 -14"><span class='ocrx_word' id='word_1_379' title='bbox 179 3379 297 3414; x_wconf 88' lang='lat' dir='ltr'><strong>cum</strong></span> <span class='ocrx_word' id='word_1_380' title='bbox 318 3362 532 3411; x_wconf 76' lang='lat' dir='ltr'><strong>homines</strong></span> <span class='ocrx_word' id='word_1_381' title='bbox 553 3364 747 3413; x_wconf 84' lang='lat' dir='ltr'><strong>deorum</strong></span> <span class='ocrx_word' id='word_1_382' title='bbox 782 3364 1081 3428; x_wconf 84' lang='lat' dir='ltr'><strong>providentia</strong></span> <span class='ocrx_word' id='word_1_383' title='bbox 1100 3363 1401 3421; x_wconf 78' lang='lat' dir='ltr'><strong>deseruisset,</strong></span> <span class='ocrx_word' id='word_1_384' title='bbox 1425 3369 1757 3428; x_wconf 79' lang='lat' dir='ltr'><strong>oporteretquo</strong></span> <span class='ocrx_word' id='word_1_385' title='bbox 1790 3360 2020 3424; x_wconf 81' lang='lat' dir='ltr'><strong>ipsosmet</strong></span> <span class='ocrx_word' id='word_1_386' title='bbox 2039 3359 2392 3423; x_wconf 64' lang='lat' dir='ltr'><strong>propagationis</strong></span> 
     </span>
     <span class='ocr_line' id='line_1_37' title="bbox 179 3441 2394 3509; baseline -0.004 -14"><span class='ocrx_word' id='word_1_387' title='bbox 179 3453 234 3495; x_wconf 85' lang='lat' dir='ltr'><strong>et</strong></span> <span class='ocrx_word' id='word_1_388' title='bbox 274 3444 529 3493; x_wconf 67' lang='lat' dir='ltr'><strong>alimoniae·</strong></span> <span class='ocrx_word' id='word_1_389' title='bbox 551 3459 648 3493; x_wconf 71' lang='lat' dir='ltr'><strong>sum</strong></span> <span class='ocrx_word' id='word_1_390' title='bbox 684 3460 843 3495; x_wconf 86' lang='lat' dir='ltr'><strong>curam</strong></span> <span class='ocrx_word' id='word_1_391' title='bbox 876 3446 1067 3509; x_wconf 87' lang='lat' dir='ltr'><strong>habere,</strong></span> <span class='ocrx_word' id='word_1_392' title='bbox 1100 3446 1267 3493; x_wconf 88' lang='lat' dir='ltr'><strong>mundi</strong></span> <span class='ocrx_word' id='word_1_393' title='bbox 1302 3447 1446 3494; x_wconf 87' lang='lat' dir='ltr'><strong>totius</strong></span> <span class='ocrx_word' id='word_1_394' title='bbox 1479 3446 1658 3504; x_wconf 79' lang='lat' dir='ltr'><strong>instsr3</strong></span> <span class='ocrx_word' id='word_1_395' title='bbox 1691 3457 1832 3507; x_wconf 85' lang='lat' dir='ltr'><strong>quem</strong></span> <span class='ocrx_word' id='word_1_396' title='bbox 1867 3441 2100 3488; x_wconf 79' lang='lat' dir='ltr'><strong>imitantes</strong></span> <span class='ocrx_word' id='word_1_397' title='bbox 2134 3456 2274 3487; x_wconf 87' lang='lat' dir='ltr'><strong>omne</strong></span> <span class='ocrx_word' id='word_1_398' title='bbox 2309 3454 2394 3503; x_wconf 86' lang='lat' dir='ltr'><strong>per</strong></span> 
     </span>
     <span class='ocr_line' id='line_1_38' title="bbox 184 3519 2393 3591; baseline -0.004 -16"><span class='ocrx_word' id='word_1_399' title='bbox 184 3534 378 3589; x_wconf 68' lang='lat' dir='ltr'><strong>tempus</strong></span> <span class='ocrx_word' id='word_1_400' title='bbox 397 3533 760 3591; x_wconf 76' lang='lat' dir='ltr'><strong>sequentesque,</strong></span> <span class='ocrx_word' id='word_1_401' title='bbox 783 3526 899 3574; x_wconf 85' lang='lat' dir='ltr'><strong>alias</strong></span> <span class='ocrx_word' id='word_1_402' title='bbox 938 3526 1073 3574; x_wconf 85' lang='lat' dir='ltr'><strong>aliter</strong></span> <span class='ocrx_word' id='word_1_403' title='bbox 1094 3526 1330 3575; x_wconf 84' lang='lat' dir='ltr'><strong>nascimur</strong></span> <span class='ocrx_word' id='word_1_404' title='bbox 1364 3534 1508 3589; x_wconf 86' lang='lat' dir='ltr'><strong>atque</strong></span> <span class='ocrx_word' id='word_1_405' title='bbox 1539 3525 1772 3588; x_wconf 83' lang='lat' dir='ltr'><strong>degimus.</strong></span> <span class='ocrx_word' id='word_1_406' title='bbox 1835 3522 1929 3570; x_wconf 83' lang='lat' dir='ltr'><strong>Sed</strong></span> <span class='ocrx_word' id='word_1_407' title='bbox 1953 3519 2113 3568; x_wconf 77' lang='lat' dir='ltr'><strong>fabula</strong></span> <span class='ocrx_word' id='word_1_408' title='bbox 2127 3519 2231 3583; x_wconf 75' lang='lat' dir='ltr'><strong>jum</strong></span> <span class='ocrx_word' id='word_1_409' title='bbox 2249 3520 2393 3568; x_wconf 84' lang='lat' dir='ltr'><strong>finem</strong></span> 
     </span>
     <span class='ocr_line' id='line_1_39' title="bbox 182 3601 2395 3670; baseline -0.002 -16"><span class='ocrx_word' id='word_1_410' title='bbox 182 3607 380 3655; x_wconf 75' lang='lat' dir='ltr'><strong>lrabeat.</strong></span> <span class='ocrx_word' id='word_1_411' title='bbox 413 3621 473 3654; x_wconf 85' lang='lat' dir='ltr'><strong>ea</strong></span> <span class='ocrx_word' id='word_1_412' title='bbox 495 3622 603 3655; x_wconf 80' lang='lat' dir='ltr'><strong>vero</strong></span> <span class='ocrx_word' id='word_1_413' title='bbox 625 3608 865 3656; x_wconf 83' lang='lat' dir='ltr'><strong>conducet</strong></span> <span class='ocrx_word' id='word_1_414' title='bbox 883 3608 1022 3655; x_wconf 86' lang='lat' dir='ltr'><strong>nobis</strong></span> <span class='ocrx_word' id='word_1_415' title='bbox 1044 3609 1104 3656; x_wconf 85' lang='lat' dir='ltr'><strong>ad</strong></span> <span class='ocrx_word' id='word_1_416' title='bbox 1128 3607 1521 3670; x_wconf 83' lang='lat' dir='ltr'><strong>dignoscendum.</strong></span> <span class='ocrx_word' id='word_1_417' title='bbox 1544 3612 1773 3668; x_wconf 85' lang='lat' dir='ltr'><strong>quantum</strong></span> <span class='ocrx_word' id='word_1_418' title='bbox 1797 3618 1936 3665; x_wconf 84' lang='lat' dir='ltr'><strong>supra</strong></span> <span class='ocrx_word' id='word_1_419' title='bbox 1950 3603 1996 3650; x_wconf 90' lang='lat' dir='ltr'><strong>in</strong></span> <span class='ocrx_word' id='word_1_420' title='bbox 2014 3602 2135 3665; x_wconf 82' lang='lat' dir='ltr'><strong>regis</strong></span> <span class='ocrx_word' id='word_1_421' title='bbox 2148 3601 2395 3665; x_wconf 83' lang='lat' dir='ltr'><strong>civilisque</strong></span> 
     </span>
     <span class='ocr_line' id='line_1_40' title="bbox 184 3682 2394 3752; baseline -0.001 -18"><span class='ocrx_word' id='word_1_422' title='bbox 184 3685 473 3738; x_wconf 82' lang='lat' dir='ltr'><strong>definitione</strong></span> <span class='ocrx_word' id='word_1_423' title='bbox 511 3688 779 3738; x_wconf 73' lang='lat' dir='ltr'><strong>erravimus.</strong></span> <span class='ocrx_word' id='word_1_424' title='bbox 845 3689 929 3736; x_wconf 87' lang='lat' dir='ltr'><strong>So.</strong></span> <span class='ocrx_word' id='word_1_425' title='bbox 965 3689 1077 3747; x_wconf 81' lang='lat' dir='ltr'><strong>Qua</strong></span> <span class='ocrx_word' id='word_1_426' title='bbox 1115 3688 1164 3735; x_wconf 88' lang='lat' dir='ltr'><strong>in</strong></span> <span class='ocrx_word' id='word_1_427' title='bbox 1211 3704 1259 3736; x_wconf 84' lang='lat' dir='ltr'><strong>re</strong></span> <span class='ocrx_word' id='word_1_428' title='bbox 1302 3695 1355 3735; x_wconf 86' lang='lat' dir='ltr'><strong>et</strong></span> <span class='ocrx_word' id='word_1_429' title='bbox 1393 3694 1623 3752; x_wconf 86' lang='lat' dir='ltr'><strong>quantum</strong></span> <span class='ocrx_word' id='word_1_430' title='bbox 1663 3700 1838 3734; x_wconf 83' lang='lat' dir='ltr'><strong>errasse</strong></span> <span class='ocrx_word' id='word_1_431' title='bbox 1881 3699 1968 3732; x_wconf 89' lang='lat' dir='ltr'><strong>nos</strong></span> <span class='ocrx_word' id='word_1_432' title='bbox 2010 3683 2161 3732; x_wconf 86' lang='lat' dir='ltr'><strong>dicis?</strong></span> <span class='ocrx_word' id='word_1_433' title='bbox 2230 3682 2394 3731; x_wconf 74' lang='lat' dir='ltr'><strong>Hosr.</strong></span> 
     </span>
     <span class='ocr_line' id='line_1_41' title="bbox 186 3764 2390 3831; baseline -0.003 -16"><span class='ocrx_word' id='word_1_434' title='bbox 186 3764 373 3815; x_wconf 72' lang='lat' dir='ltr'><strong>Partim</strong></span> <span class='ocrx_word' id='word_1_435' title='bbox 415 3764 587 3822; x_wconf 82' lang='lat' dir='ltr'><strong>minus,</strong></span> <span class='ocrx_word' id='word_1_436' title='bbox 605 3767 771 3829; x_wconf 73' lang='lat' dir='ltr'><strong>partim</strong></span> <span class='ocrx_word' id='word_1_437' title='bbox 796 3769 1065 3829; x_wconf 81' lang='lat' dir='ltr'><strong>generosius</strong></span> <span class='ocrx_word' id='word_1_438' title='bbox 1088 3768 1345 3831; x_wconf 75' lang='lat' dir='ltr'><strong>mgisque,</strong></span> <span class='ocrx_word' id='word_1_439' title='bbox 1368 3775 1416 3814; x_wconf 87' lang='lat' dir='ltr'><strong>et</strong></span> <span class='ocrx_word' id='word_1_440' title='bbox 1453 3767 1560 3831; x_wconf 89' lang='lat' dir='ltr'><strong>plus</strong></span> <span class='ocrx_word' id='word_1_441' title='bbox 1582 3781 1722 3831; x_wconf 77' lang='lat' dir='ltr'><strong>quum</strong></span> <span class='ocrx_word' id='word_1_442' title='bbox 1744 3774 1857 3814; x_wconf 89' lang='lat' dir='ltr'><strong>tunc</strong></span> <span class='ocrx_word' id='word_1_443' title='bbox 1879 3773 2098 3813; x_wconf 87' lang='lat' dir='ltr'><strong>erratum.</strong></span> <span class='ocrx_word' id='word_1_444' title='bbox 2162 3764 2246 3813; x_wconf 84' lang='lat'><strong>80.</strong></span> <span class='ocrx_word' id='word_1_445' title='bbox 2278 3764 2390 3820; x_wconf 85' lang='lat' dir='ltr'><strong>Quo</strong></span> 
     </span>
     <span class='ocr_line' id='line_1_42' title="bbox 188 3843 2392 3911; baseline -0.001 -19"><span class='ocrx_word' id='word_1_446' title='bbox 188 3845 379 3911; x_wconf 82' lang='lat' dir='ltr'><strong>pacto?</strong></span> <span class='ocrx_word' id='word_1_447' title='bbox 445 3844 611 3893; x_wconf 61' lang='lat' dir='ltr'><strong>Hos».</strong></span> <span class='ocrx_word' id='word_1_448' title='bbox 645 3846 789 3902; x_wconf 83' lang='lat' dir='ltr'><strong>Quod</strong></span> <span class='ocrx_word' id='word_1_449' title='bbox 812 3847 957 3904; x_wconf 88' lang='lat' dir='ltr'><strong>enim,</strong></span> <span class='ocrx_word' id='word_1_450' title='bbox 980 3848 1093 3895; x_wconf 88' lang='lat' dir='ltr'><strong>dum</strong></span> <span class='ocrx_word' id='word_1_451' title='bbox 1113 3853 1397 3910; x_wconf 66' lang='lat' dir='ltr'><strong>quereretur</strong></span> <span class='ocrx_word' id='word_1_452' title='bbox 1417 3862 1494 3893; x_wconf 83' lang='lat' dir='ltr'><strong>rex</strong></span> <span class='ocrx_word' id='word_1_453' title='bbox 1513 3846 1760 3908; x_wconf 84' lang='lat' dir='ltr'><strong>civilisque</strong></span> <span class='ocrx_word' id='word_1_454' title='bbox 1779 3846 1851 3892; x_wconf 81' lang='lat' dir='ltr'><strong>vir</strong></span> <span class='ocrx_word' id='word_1_455' title='bbox 1872 3861 1928 3892; x_wconf 84' lang='lat' dir='ltr'><strong>ex</strong></span> <span class='ocrx_word' id='word_1_456' title='bbox 1951 3843 2170 3907; x_wconf 60' lang='lat' dir='ltr'><strong>prasenti</strong></span> <span class='ocrx_word' id='word_1_457' title='bbox 2191 3843 2392 3892; x_wconf 73' lang='lat' dir='ltr'><strong>circuitu</strong></span> 
     </span>
     <span class='ocr_line' id='line_1_43' title="bbox 186 3925 2393 3991; baseline -0.002 -15"><span class='ocrx_word' id='word_1_458' title='bbox 186 3925 607 3991; x_wconf 75' lang='lat' dir='ltr'><strong>generationeque,</strong></span> <span class='ocrx_word' id='word_1_459' title='bbox 660 3933 893 3990; x_wconf 77' lang='lat' dir='ltr'><strong>pastorem</strong></span> <span class='ocrx_word' id='word_1_460' title='bbox 949 3943 1008 3976; x_wconf 79' lang='lat' dir='ltr'><strong>ex</strong></span> <span class='ocrx_word' id='word_1_461' title='bbox 1062 3928 1293 3976; x_wconf 79' lang='lat' dir='ltr'><strong>contraria</strong></span> <span class='ocrx_word' id='word_1_462' title='bbox 1327 3928 1634 3975; x_wconf 76' lang='lat' dir='ltr'><strong>conversione</strong></span> <span class='ocrx_word' id='word_1_463' title='bbox 1687 3925 1991 3987; x_wconf 75' lang='lat' dir='ltr'><strong>adduximus,</strong></span> <span class='ocrx_word' id='word_1_464' title='bbox 2043 3933 2096 3973; x_wconf 80' lang='lat' dir='ltr'><strong>et</strong></span> <span class='ocrx_word' id='word_1_465' title='bbox 2144 3940 2229 3988; x_wconf 88' lang='lat' dir='ltr'><strong>pro</strong></span> <span class='ocrx_word' id='word_1_466' title='bbox 2272 3939 2393 3973; x_wconf 83' lang='lat' dir='ltr'><strong>mor·</strong></span> 
     </span>
     <span class='ocr_line' id='line_1_44' title="bbox 185 4005 2392 4071; baseline -0.002 -15"><span class='ocrx_word' id='word_1_467' title='bbox 185 4007 271 4056; x_wconf 81' lang='lat' dir='ltr'><strong>tali</strong></span> <span class='ocrx_word' id='word_1_468' title='bbox 320 4007 468 4071; x_wconf 75' lang='lat'>[2⁷5]</span> <span class='ocrx_word' id='word_1_469' title='bbox 516 4006 669 4071; x_wconf 77' lang='lat' dir='ltr'><strong>gregis</strong></span> <span class='ocrx_word' id='word_1_470' title='bbox 706 4006 899 4055; x_wconf 82' lang='lat' dir='ltr'><strong>humani</strong></span> <span class='ocrx_word' id='word_1_471' title='bbox 946 4015 1131 4071; x_wconf 77' lang='lat' dir='ltr'><strong>pastore</strong></span> <span class='ocrx_word' id='word_1_472' title='bbox 1174 4006 1333 4054; x_wconf 84' lang='lat' dir='ltr'><strong>Deum</strong></span> <span class='ocrx_word' id='word_1_473' title='bbox 1375 4007 1856 4062; x_wconf 81' lang='lat' dir='ltr'><strong>commemoravimus,</strong></span> <span class='ocrx_word' id='word_1_474' title='bbox 1899 4005 2084 4070; x_wconf 83' lang='lat' dir='ltr'><strong>longius</strong></span> <span class='ocrx_word' id='word_1_475' title='bbox 2126 4005 2392 4070; x_wconf 75' lang='lat' dir='ltr'><strong>transgressi</strong></span> 
     </span>
     <span class='ocr_line' id='line_1_45' title="bbox 188 4085 2388 4153; baseline -0.001 -17"><span class='ocrx_word' id='word_1_476' title='bbox 188 4103 380 4136; x_wconf 84' lang='lat' dir='ltr'><strong>sumns=</strong></span> <span class='ocrx_word' id='word_1_477' title='bbox 415 4090 544 4151; x_wconf 88' lang='lat' dir='ltr'><strong>quod</strong></span> <span class='ocrx_word' id='word_1_478' title='bbox 569 4104 677 4137; x_wconf 80' lang='lat' dir='ltr'><strong>vero</strong></span> <span class='ocrx_word' id='word_1_479' title='bbox 697 4088 903 4137; x_wconf 67' lang='lat' dir='ltr'><strong>ciuitatis</strong></span> <span class='ocrx_word' id='word_1_480' title='bbox 922 4088 1155 4137; x_wconf 68' lang='lat' dir='ltr'><strong>universa</strong></span> <span class='ocrx_word' id='word_1_481' title='bbox 1177 4088 1438 4153; x_wconf 84' lang='lat' dir='ltr'><strong>principem</strong></span> <span class='ocrx_word' id='word_1_482' title='bbox 1462 4088 1595 4135; x_wconf 83' lang='lat' dir='ltr'><strong>illum</strong></span> <span class='ocrx_word' id='word_1_483' title='bbox 1617 4086 1930 4149; x_wconf 79' lang='lat' dir='ltr'><strong>ostendimus,</strong></span> <span class='ocrx_word' id='word_1_484' title='bbox 1949 4103 2045 4152; x_wconf 89' lang='lat' dir='ltr'><strong>quo</strong></span> <span class='ocrx_word' id='word_1_485' title='bbox 2064 4096 2224 4136; x_wconf 80' lang='lat' dir='ltr'><strong>autem</strong></span> <span class='ocrx_word' id='word_1_486' title='bbox 2245 4085 2388 4133; x_wconf 87' lang='lat' dir='ltr'><strong>modo</strong></span> 
     </span>
     <span class='ocr_line' id='line_1_46' title="bbox 186 4166 2394 4233; baseline -0.002 -18"><span class='ocrx_word' id='word_1_487' title='bbox 186 4166 408 4231; x_wconf 75' lang='lat' dir='ltr'><strong>princeps</strong></span> <span class='ocrx_word' id='word_1_488' title='bbox 429 4175 572 4226; x_wconf 81' lang='lat' dir='ltr'><strong>esset,</strong></span> <span class='ocrx_word' id='word_1_489' title='bbox 594 4184 690 4220; x_wconf 82' lang='lat' dir='ltr'><strong>non</strong></span> <span class='ocrx_word' id='word_1_490' title='bbox 712 4169 1073 4227; x_wconf 75' lang='lat' dir='ltr'><strong>declaravimus,</strong></span> <span class='ocrx_word' id='word_1_491' title='bbox 1096 4185 1254 4217; x_wconf 83' lang='lat' dir='ltr'><strong>verum</strong></span> <span class='ocrx_word' id='word_1_492' title='bbox 1277 4168 1471 4233; x_wconf 84' lang='lat' dir='ltr'><strong>quidem</strong></span> <span class='ocrx_word' id='word_1_493' title='bbox 1512 4169 1732 4230; x_wconf 81' lang='lat' dir='ltr'><strong>diximus,</strong></span> <span class='ocrx_word' id='word_1_494' title='bbox 1754 4183 1853 4220; x_wconf 86' lang='lat' dir='ltr'><strong>non</strong></span> <span class='ocrx_word' id='word_1_495' title='bbox 1874 4178 2033 4216; x_wconf 77' lang='lat' dir='ltr'><strong>tamen</strong></span> <span class='ocrx_word' id='word_1_496' title='bbox 2074 4169 2134 4214; x_wconf 86' lang='lat' dir='ltr'><strong>ad</strong></span> <span class='ocrx_word' id='word_1_497' title='bbox 2160 4168 2394 4228; x_wconf 81' lang='lat' dir='ltr'><strong>integrum</strong></span> 
     </span>
     <span class='ocr_line' id='line_1_47' title="bbox 183 4246 2395 4314; baseline -0.002 -18"><span class='ocrx_word' id='word_1_498' title='bbox 183 4249 531 4312; x_wconf 81' lang='lat' dir='ltr'><strong>perspicueque</strong></span> <span class='ocrx_word' id='word_1_499' title='bbox 553 4249 899 4313; x_wconf 81' lang='lat' dir='ltr'><strong>descripsimus.</strong></span> <span class='ocrx_word' id='word_1_500' title='bbox 935 4252 1174 4310; x_wconf 83' lang='lat' dir='ltr'><strong>Quocirca</strong></span> <span class='ocrx_word' id='word_1_501' title='bbox 1198 4251 1351 4299; x_wconf 90' lang='lat' dir='ltr'><strong>minus</strong></span> <span class='ocrx_word' id='word_1_502' title='bbox 1373 4250 1423 4298; x_wconf 88' lang='lat' dir='ltr'><strong>in</strong></span> <span class='ocrx_word' id='word_1_503' title='bbox 1448 4252 1542 4299; x_wconf 83' lang='lat' dir='ltr'><strong>boe</strong></span> <span class='ocrx_word' id='word_1_504' title='bbox 1564 4267 1703 4314; x_wconf 85' lang='lat' dir='ltr'><strong>quam</strong></span> <span class='ocrx_word' id='word_1_505' title='bbox 1728 4251 1778 4298; x_wconf 89' lang='lat' dir='ltr'><strong>in</strong></span> <span class='ocrx_word' id='word_1_506' title='bbox 1800 4250 1882 4297; x_wconf 85' lang='lat' dir='ltr'><strong>illo</strong></span> <span class='ocrx_word' id='word_1_507' title='bbox 1898 4247 2154 4310; x_wconf 76' lang='lat' dir='ltr'><strong>deliquisse</strong></span> <span class='ocrx_word' id='word_1_508' title='bbox 2169 4246 2395 4293; x_wconf 81' lang='lat' dir='ltr'><strong>videmur.</strong></span> 
     </span>
     <span class='ocr_line' id='line_1_48' title="bbox 187 4322 2392 4396; baseline -0.002 -18"><span class='ocrx_word' id='word_1_509' title='bbox 187 4330 274 4378; x_wconf 84' lang='lat' dir='ltr'><strong>So.</strong></span> <span class='ocrx_word' id='word_1_510' title='bbox 310 4329 433 4377; x_wconf 85' lang='lat' dir='ltr'><strong>Vera</strong></span> <span class='ocrx_word' id='word_1_511' title='bbox 456 4330 697 4393; x_wconf 64' lang='lat' dir='ltr'><strong>loqueris.</strong></span> <span class='ocrx_word' id='word_1_512' title='bbox 763 4330 928 4380; x_wconf 68' lang='lat' dir='ltr'><strong>Hose.</strong></span> <span class='ocrx_word' id='word_1_513' title='bbox 962 4327 1245 4380; x_wconf 79' lang='lat' dir='ltr'><strong>Existimare</strong></span> <span class='ocrx_word' id='word_1_514' title='bbox 1286 4347 1399 4396; x_wconf 78' lang='lat' dir='ltr'><strong>ergo</strong></span> <span class='ocrx_word' id='word_1_515' title='bbox 1441 4332 1670 4380; x_wconf 87' lang='lat' dir='ltr'><strong>debemus</strong></span> <span class='ocrx_word' id='word_1_516' title='bbox 1716 4337 1828 4378; x_wconf 86' lang='lat' dir='ltr'><strong>tunc</strong></span> <span class='ocrx_word' id='word_1_517' title='bbox 1862 4331 2051 4377; x_wconf 86' lang='lat' dir='ltr'><strong>demum</strong></span> <span class='ocrx_word' id='word_1_518' title='bbox 2090 4340 2180 4371; x_wconf 77' lang='lat' dir='ltr'><strong>nos</strong></span> <span class='ocrx_word' id='word_1_519' title='bbox 2204 4322 2392 4372; x_wconf 76' lang='lat' dir='ltr'><strong>civilem</strong></span> 
     </span>
     <span class='ocr_line' id='line_1_49' title="bbox 184 4401 2394 4477; baseline -0.005 -20"><span class='ocrx_word' id='word_1_520' title='bbox 184 4408 333 4462; x_wconf 78' lang='lat' dir='ltr'><strong>virum</strong></span> <span class='ocrx_word' id='word_1_521' title='bbox 350 4410 469 4457; x_wconf 81' lang='lat' dir='ltr'><strong>satis</strong></span> <span class='ocrx_word' id='word_1_522' title='bbox 486 4410 775 4474; x_wconf 76' lang='lat' dir='ltr'><strong>exposuisse,</strong></span> <span class='ocrx_word' id='word_1_523' title='bbox 809 4428 914 4460; x_wconf 90' lang='lat' dir='ltr'><strong>cum</strong></span> <span class='ocrx_word' id='word_1_524' title='bbox 950 4413 1268 4477; x_wconf 61' lang='lat' dir='ltr'><strong>gubernandae</strong></span> <span class='ocrx_word' id='word_1_525' title='bbox 1304 4411 1510 4461; x_wconf 79' lang='lat' dir='ltr'><strong>civitatis</strong></span> <span class='ocrx_word' id='word_1_526' title='bbox 1546 4411 1740 4458; x_wconf 89' lang='lat' dir='ltr'><strong>modum</strong></span> <span class='ocrx_word' id='word_1_527' title='bbox 1773 4410 1834 4455; x_wconf 83' lang='lat' dir='ltr'><strong>ad</strong></span> <span class='ocrx_word' id='word_1_528' title='bbox 1871 4403 2195 4453; x_wconf 81' lang='lat' dir='ltr'><strong>sufficicntiam</strong></span> <span class='ocrx_word' id='word_1_529' title='bbox 2218 4401 2394 4449; x_wconf 85' lang='lat' dir='ltr'><strong>discre-</strong></span> 
     </span>
    </p>
   </div>
   <div class='ocr_carea' id='block_1_3' title="bbox 184 4482 2395 4626">
    <p class='ocr_par' dir='ltr' id='par_1_3' title="bbox 184 4482 2395 4626">
     <span class='ocr_line' id='line_1_50' title="bbox 184 4482 2395 4556; baseline -0.002 -20"><span class='ocrx_word' id='word_1_530' title='bbox 184 4490 401 4539; x_wconf 78' lang='lat' dir='ltr'><strong>verimns.</strong></span> <span class='ocrx_word' id='word_1_531' title='bbox 466 4490 552 4540; x_wconf 79' lang='lat' dir='ltr'><strong>So,</strong></span> <span class='ocrx_word' id='word_1_532' title='bbox 592 4489 836 4541; x_wconf 69' lang='lat' dir='ltr'><strong>Pmclar‘e.</strong></span> <span class='ocrx_word' id='word_1_533' title='bbox 904 4492 1065 4543; x_wconf 74' lang='lat' dir='ltr'><strong>Hosr.</strong></span> <span class='ocrx_word' id='word_1_534' title='bbox 1107 4494 1189 4542; x_wconf 83' lang='lat' dir='ltr'><strong>Ob</strong></span> <span class='ocrx_word' id='word_1_535' title='bbox 1224 4494 1349 4541; x_wconf 79' lang='lat' dir='ltr'><strong>banc</strong></span> <span class='ocrx_word' id='word_1_536' title='bbox 1372 4493 1535 4556; x_wconf 82' lang='lat' dir='ltr'><strong>utique</strong></span> <span class='ocrx_word' id='word_1_537' title='bbox 1558 4506 1747 4540; x_wconf 80' lang='lat' dir='ltr'><strong>causam</strong></span> <span class='ocrx_word' id='word_1_538' title='bbox 1763 4502 1866 4537; x_wconf 82' lang='lat' dir='ltr'><strong>cam</strong></span> <span class='ocrx_word' id='word_1_539' title='bbox 1891 4484 2095 4534; x_wconf 77' lang='lat' dir='ltr'><strong>fabulam</strong></span> <span class='ocrx_word' id='word_1_540' title='bbox 2134 4482 2395 4546; x_wconf 79' lang='lat' dir='ltr'><strong>inceptari-</strong></span> 
     </span>
     <span class='ocr_line' id='line_1_51' title="bbox 224 4565 2250 4626; baseline -0 -7"><span class='ocrx_word' id='word_1_541' title='bbox 224 4603 233 4609; x_wconf 91' lang='lat'>-</span> <span class='ocrx_word' id='word_1_542' title='bbox 299 4570 436 4621; x_wconf 73' lang='lat' dir='ltr'><strong>Ptae.</strong></span> <span class='ocrx_word' id='word_1_543' title='bbox 458 4571 544 4626; x_wconf 77' lang='lat' dir='ltr'><strong>Tr.</strong></span> <span class='ocrx_word' id='word_1_544' title='bbox 1362 4572 1403 4622; x_wconf 90' lang='lat'><strong>1.</strong></span> <span class='ocrx_word' id='word_1_545' title='bbox 1845 4613 1852 4622; x_wconf 85' lang='lat'><strong>.</strong></span> <span class='ocrx_word' id='word_1_546' title='bbox 2043 4615 2048 4622; x_wconf 84' lang='lat'><strong>,</strong></span> <span class='ocrx_word' id='word_1_547' title='bbox 2145 4569 2175 4613; x_wconf 80' lang='grc'>3</span> <span class='ocrx_word' id='word_1_548' title='bbox 2208 4565 2250 4618; x_wconf 74' lang='grc' dir='ltr'><strong>Β</strong></span> 
     </span>
    </p>
   </div>
  </div>
 </body>
</html>
