2917 4975
213 451 349 527 158]
1052 444 1564 505 CHARM1DES.
2326 452 2400 508 ⁸5

205 612 384 669 partem
400 603 604 669 aliquam
628 603 748 651 bene
769 602 939 653 valere.
1008 600 1406 665 Omnia'namque
1430 599 1504 649 vel
1526 600 1670 658 bona,
1704 600 1779 649 vel
1794 600 1947 664 mala,
1968 602 2029 650 ab
2048 602 2209 651 anima
2228 602 2279 651 iu
2299 620 2400 653 cor·

207 702 315 750 pus,
336 693 386 735 et
403 685 638 735 bominem
660 691 813 732 totum
847 688 1040 731 manant
1060 700 1073 731 ε
1108 682 1316 747 indeque
1348 680 1564 731 similiter
1601 687 1656 730 ut
1675 698 1732 731 er
1754 682 1913 745 capite
1935 681 1983 731 in
2006 683 2171 734 oculos
2191 685 2403 734 effluunt.

206 767 343 815 Illam
366 767 508 831 igitur
529 765 749 831 primum,
785 764 933 829 [157]
968 772 1020 812 et
1039 762 1239 811 maxime
1270 764 1421 811 curari
1452 762 1613 826 jubet,
1643 763 1685 811 si
1722 763 1865 811 modo
1900 770 2045 828 caput
2063 772 2115 812 et
2133 764 2403 813 universum

206 863 372 911 corpus
391 849 516 896 bene
533 846 690 895 valere
707 845 869 894 debet„
935 843 1126 892 Animo
1145 858 1257 892 vero
1281 843 1488 891 medelas
1507 858 1610 892 esse
1632 842 1776 892 docet
1794 843 2137 893 incantationes
2151 845 2398 909 quasdam.

208 925 299 976 Eas
332 927 568 992 preclaris
602 925 868 975 rationibus
887 924 1138 985 contineri,
1170 924 1343 989 quibus
1364 922 1534 972 animm
1567 924 1882 988 temperantia
1912 924 2173 975 tribuatur:
2207 941 2303 991 qua
2321 926 2399 976 in-

207 1014 325 1056 serta
343 1014 494 1073 atque
518 1014 769 1071 presente,
801 1004 943 1055 facile
963 1022 1066 1055 esse
1088 1005 1336 1054 sanitatem
1357 1004 1507 1067 capiti
1529 1005 1713 1069 totique
1732 1005 1917 1069 corpori
1937 1005 2134 1055 tradere.
2201 1006 2290 1055 Ille
2309 1008 2403 1071 igi-

206 1094 292 1145 tur,
310 1104 424 1138 cum
462 1088 697 1136 medelam
717 1086 1159 1150 incantationesque
1179 1086 1389 1142 doceret,
1404 1083 1567 1148 jussit,
1594 1093 1649 1132 ut
1680 1084 1823 1133 nullis
1844 1085 2060 1148 precibus
2081 1094 2234 1136 motus
2255 1087 2400 1137 alicui

204 1175 364 1217 ooatm
401 1167 573 1231 eapitis
608 1166 821 1216 dolorem
863 1165 1118 1217 remedium
1156 1165 1446 1222 adhiberem,
1480 1164 1572 1212 nisi
1609 1165 1740 1229 prius
1777 1165 1982 1215 animam
2002 1166 2400 1216 incantionibus

203 1247 314 1311 ipsis
341 1248 639 1312 purgandam
674 1245 987 1296 commiserit..
1037 1244 1182 1294 Hunc
1218 1260 1332 1294 sane
1372 1252 1633 1293 nostrorum
1678 1252 1939 1308 temporum
1978 1262 2176 1309 errorem
2212 1249 2403 1298 dicebat

202 1342 318 1390 esse,
348 1329 484 1392 quod
519 1325 758 1393 plerique,
787 1327 967 1389 absque
1000 1325 1323 1389 temperantia
1342 1323 1653 1388 sanitatisque
1674 1325 1851 1382 studio,
1889 1325 2062 1375 medici
2080 1342 2182 1375 esse
2203 1324 2401 1376 conten-

201 1408 336 1459 dunt.
410 1409 498 1458 Me
521 1408 684 1472 itaque
704 1407 870 1455 mirum
894 1406 946 1454 in
974 1407 1165 1454 modum
1203 1403 1505 1469 praemonuit,
1545 1404 1899 1467 mandavitque,
1927 1420 2165 1469 caverem,
2198 1423 2263 1456 ne
2299 1409 2406 1471 quis

203 1504 414 1555 unquam
435 1489 590 1545 dives,
626 1504 712 1537 seu
733 1487 926 1547 nobilis,
966 1487 1066 1534 sive
1102 1485 1316 1549 pulcher,
1348 1483 1486 1544 mihi,
1515 1491 1570 1531 ut
1590 1483 1726 1532 aliter
1743 1484 1933 1547 faciam,
1968 1486 2265 1547 persuadeat.
2328 1486 2408 1534 Illi

199 1570 292 1619 hoc
312 1586 413 1633 ego
431 1562 745 1632 jurejurando
767 1565 1051 1636 interposito
1067 1564 1357 1621 confirmavi.
1376 1563 1661 1629 promisique
1682 1579 1779 1611 non
1799 1564 1933 1613 aliter
1955 1579 2031 1612 me
2044 1563 2409 1615 essefacturum.

198 1651 518 1714 quamobrem
540 1662 734 1697 necesse
755 1654 830 1696 est
850 1660 1066 1710 paream:
1100 1645 1191 1694 tibi
1226 1659 1421 1710 quoque
1443 1645 1688 1708 obsequar.
1752 1643 1877 1692 Nam
1906 1644 1946 1693 si
1967 1645 2114 1701 voles,
2149 1646 2405 1695 secundum

198 1727 413 1793 hospitis
445 1734 704 1792 precepta,
742 1727 945 1777 animam
986 1734 1110 1774 tuam
1133 1725 1261 1790 prius
1279 1723 1681 1773 incantionibus
1700 1724 1915 1775 omnibus
1936 1724 2130 1774 Thracis
2151 1725 2275 1777 illius
2294 1729 2425 1778 subo,

196 1809 372 1873 ficere,
391 1807 680 1857 medicinam
715 1805 862 1871 capiti
900 1807 1192 1855 admovebo:
1228 1805 1302 1853 siu
1325 1805 1499 1862 minus,
1520 1821 1617 1853 non
1639 1813 1822 1869 potero,
1860 1821 1890 1853 o
1929 1805 2079 1855 amice
2110 1806 2403 1865 Charmides,

203 1889 287 1938 tibi
310 1889 563 1954 prodesse.
629 1887 751 1937 Cum
775 1888 917 1950 igitur
951 1889 1053 1936 hmo
1085 1887 1298 1935 audisset
1333 1885 1526 1941 Critias,
1565 1885 1736 1949 inquit,
1773 1885 1927 1935 hiero
1963 1885 2053 1935 erit
2073 1888 2277 1951 gravedo
2300 1888 2401 1937 haec

205 1970 377 2034 capitis
395 1969 706 2025 adolescenti,
727 1968 767 2016 si
786 1966 928 2031 hujus
946 1983 1087 2017 causa
1109 1967 1360 2016 sanitatem
1392 1968 1561 2015 mentis
1594 1966 1865 2018 lucrabitur.
1931 1968 2103 2016 Assero
2120 1976 2277 2017 autem
2300 1968 2403 2026 tibi,

207 2048 510 2099 Charmidem
528 2049 654 2103 hunc
674 2047 934 2112 aequalibus
955 2048 1175 2096 omnibus
1195 2062 1292 2095 non
1315 2047 1475 2110 specie
1493 2054 1677 2111 tanturn
1700 2047 1984 2110 praecellere,
1997 2064 2157 2096 rerum
2178 2050 2319 2097 etiam
2343 2065 2403 2098 eo

207 2129 313 2194 ipso
333 2137 556 2194 prostare
576 2128 762 2189 ceteris,
796 2127 935 2192 cujus
963 2127 1070 2192 ipse
1106 2127 1479 2179 incantationem
1517 2127 1689 2175 habere
1726 2127 1934 2177 dicebas.
1998 2128 2081 2177 An
2105 2138 2403 2195 non.tempe·

206 2210 371 2258 rantiae
408 2225 552 2273 supra
581 2208 773 2258 dixisti?
841 2207 999 2271 Hujus
1036 2204 1201 2271 ipsius,
1240 2208 1450 2271 inquam.
1474 2244 1479 2251 .
1518 2207 1649 2256 Scito
1687 2206 1845 2270 igitur,
1882 2208 2090 2255 omniurn
2127 2225 2225 2256 sure
2253 2212 2405 2258 astatis

206 2290 564 2340 adolescentum
603 2290 728 2338 hunc
750 2289 895 2337 videri
937 2287 1393 2352 temperatissimum,
1421 2288 1543 2334 etin
1564 2287 1733 2336 ceteris
1761 2286 1997 2343 omnibus,
2036 2303 2122 2349 pro
2156 2290 2310 2336 oetatis
2329 2290 2404 2337 in-

208 2378 467 2427 cremento,
484 2370 618 2419 nullo
643 2369 909 2418 inferiorem
929 2383 1049 2418 esse.
1116 2368 1499 2417 Consentaneum
1519 2374 1611 2427 est,
1630 2382 1660 2413 o
1682 2364 1975 2423 Charmides,
1994 2366 2207 2430 inquam,
2242 2368 2296 2415 iu
2315 2368 2407 2431 his,

211 2467 319 2518 quo
340 2451 463 2502 dixit
485 2449 675 2506 Critias.
713 2456 962 2500 tencteros
983 2445 1284 2498 antecellere.
1317 2461 1473 2511 neque
1510 2446 1635 2494 enim
1673 2444 1840 2494 referre
1874 2445 2120 2511 quisquam
2143 2454 2320 2511 posset,
2354 2456 2409 2497 ut

211 2533 420 2595 arbitror,
440 2532 639 2580 duarum
662 2531 790 2593 apud
823 2529 1141 2577 Athenienses
1163 2527 1435 2576 familiarum
1457 2522 1754 2592 conjugium,
1786 2542 1882 2592 quo
1903 2527 2196 2576 verisimilius
2217 2528 2280 2578 sit
2300 2528 2406 2592 pul-

205 2616 369 2672 chram
402 2615 744 2674 honestamque
775 2610 959 2674 prolem
991 2607 1140 2666 nasci,
1173 2623 1314 2672 quam
1338 2607 1565 2672 majorum
1587 2617 1770 2678 tuorugn
1792 2607 2035 2673 conjugio.
2100 2608 2227 2676 Nam
2248 2617 2403 2675 pater-

205 2710 322 2750 ‚num
343 2709 493 2758 genus
513 2691 657 2756 hujus
679 2691 840 2741 Critiae
863 2689 1071 2755 Dropidi
1091 2690 1154 2738 ab
1174 2689 1476 2738 Anacreonte
1498 2690 1769 2754 Soloneque
1800 2690 1998 2755 aliisque
2019 2689 2178 2755 poetis
2200 2691 2403 2755 permul-

210 2774 272 2823 tis
291 2782 365 2823 est
383 2773 688 2831 illustratum,
723 2772 925 2830 decore„
946 2769 1120 2819 virtute
1139 2777 1190 2818 et
1211 2769 1305 2819 alia
1338 2769 1486 2834 [1⁶8]
1521 2770 1750 2819 felicitate
1772 2765 2063 2835 praecelle'ns.
2096 2772 2262 2820 eadem
2283 2788 2399 2837 quo·

210 2869 304 2918 que
326 2860 401 2902 est
422 2852 614 2901 materni
637 2853 817 2916 generis
838 2851 1004 2915 gloria.
1036 2867 1175 2912 uerno
1198 2850 1324 2899 enirn
1353 2851 1624 2916 Pyrilampo
1659 2852 1893 2902 avunculo
1931 2858 2013 2899 tuo
2044 2859 2128 2900 aut
2148 2853 2402 2916 pulchrior,

210 2942 294 2983 aut
315 2933 464 2998 major
485 2934 534 2980 in
556 2933 684 2981 omni
706 2932 972 2981 continenti
995 2932 1120 2980 visus
1141 2941 1218 2981 est
1236 2947 1464 2996 unquam,
1491 2930 1679 2995 quoties
1700 2932 1781 2981 ille
1810 2931 1886 2979 vel
1907 2932 1967 2980 ad
1989 2948 2147 2995 regem
2166 2948 2406 2996 magnum,

205 3015 282 3066 ,vel
315 3015 380 3063 ad
402 3013 545 3062 alium
577 3014 627 3061 in
659 3012 929 3062 continenti
966 3011 1301 3064 habitantium.
1332 3010 1514 3074 legatus
1534 3012 1797 3059 accederet.
1827 3025 1885 3060 ac
1904 3012 2173 3058 summatim
2194 3011 2407 3060 universa

209 3096 311 3144 bac
331 3095 504 3143 domus
524 3093 659 3142 nulla
678 3092 728 3140 in
751 3108 798 3140 re
818 3100 893 3141 est
912 3091 1108 3140 inferior
1130 3092 1292 3139 altera.
1357 3092 1519 3147 Quare
1540 3090 1783 3153 probabile
1802 3098 1893 3151 est,
1929 3097 1979 3137 te
2012 3090 2095 3138 tali
2115 3090 2258 3153 stirpe
2278 3106 2405 3140 crea·

212 3183 308 3224 tum
345 3175 524 3239 primas
562 3180 717 3237 partes
752 3173 801 3219 in
824 3170 1044 3219 omnibus
1063 3170 1292 3217 obtinere.
1358 3169 1604 3227 Quantum
1632 3169 1773 3233 igitur
1806 3170 1867 3218 ad
1904 3169 2265 3235 earnspeciem,
2297 3188 2404 3237 qum

210 3256 416 3305 cernitur
436 3254 606 3308 oculis,
640 3252 828 3308 attinet,
864 3266 894 3298 o
916 3249 1071 3299 dulcis
1092 3249 1353 3298 Glauconis
1388 3249 1473 3307 lili,
1511 3250 1682 3299 videris
1715 3249 1831 3298 mihi
1866 3250 2015 3300 nihilo
2037 3250 2404 3316 asuperioribns

209 3337 297 3386 tuis
328 3338 661 3398 degenerasse.
693 3331 866 3396 quodsi
901 3331 1033 3379 etad
1056 3330 1428 3395 temperantiam,
1467 3338 1531 3380 et.
1551 3333 1612 3380 ad
1648 3332 1761 3390 alia,
1798 3341 1853 3381 ut
1887 3332 2056 3382 Critias
2088 3332 2167 3382 hic
2188 3339 2399 3391 testatur,

209 3425 379 3466 natura
397 3429 452 3463 es
471 3414 732 3475 institutus,
755 3412 942 3461 beatum
963 3417 1029 3475 te,
1049 3427 1081 3459 o
1100 3412 1242 3461 chare
1259 3410 1552 3472 Charmides,
1575 3420 1720 3462 mater·
1739 3413 1942 3479 peperit.
2009 3414 2136 3478 Ergo
2166 3412 2235 3463 sic
2255 3430 2306 3463 se
2327 3430 2400 3463 res

210 3498 364 3548 habet.
433 3495 486 3543 Si
509 3494 630 3543 inest
650 3492 753 3556 tibi,
773 3501 828 3542 ut
847 3492 916 3541 ait
936 3492 1124 3551 Critias,
1144 3493 1471 3557 temperantia,
1493 3500 1544 3542 et
1564 3494 1847 3543 sufficienter
1866 3510 1918 3543 es
1940 3502 2221 3560 temperans,
2239 3511 2396 3561 neque

209 3577 509 3639 Zamolxidis,
529 3590 684 3640 neque
704 3574 927 3623 Abaridis
947 3573 1248 3640 Hyperborei
1265 3575 1668 3624 incantationibus
1688 3575 1907 3640 indigeat
1941 3576 2026 3625 sed
2057 3575 2159 3641 jam
2182 3577 2269 3626 tibi
2299 3593 2399 3626 me·

211 3660 316 3709 dela
334 3668 412 3709 est
430 3657 603 3721 capitis
623 3655 937 3704 admvenda.
970 3656 1224 3704 sinautem
1245 3656 1381 3704 deest
1401 3655 1716 3720 temperantia
1747 3656 1854 3714 tibi,
1888 3656 2146 3707 incantatio
2166 3659 2398 3713 medelam

209 3739 490 3808 antecedere
512 3737 675 3786 debet.
741 3735 1005 3801 Responde
1027 3736 1189 3799 itaque
1211 3735 1314 3799 ipse
1336 3735 1472 3797 mibi,
1493 3745 1645 3785 utrum
1668 3737 1935 3790 assentiaris
1957 3737 2138 3800 Critiae,
2158 3747 2207 3788 et
2225 3755 2400 3789 asseras

213 3819 534 3883 temperantias
568 3825 618 3865 te
648 3817 761 3865 satis
799 3817 989 3874 habere,
1026 3831 1088 3865 an
1123 3816 1289 3865 deesse
1325 3817 1506 3882 aliquid
1545 3833 1870 3882 recognoscas.
1935 3820 2069 3868 Tunc
2106 3835 2218 3884 ergo
2254 3821 2403 3885 ipsius

214 3899 473 3948 Charmidis
502 3913 636 3961 genae
669 3898 838 3946 rubore
863 3896 1074 3955 suffuso,
1111 3896 1356 3960 gratiorem
1393 3898 1600 3962 speciem
1635 3900 1958 3947 ostenderunt·
1989 3915 2100 3948 nam
2120 3900 2274 3964 pudor
2293 3917 2398 3950 eam

213 3987 394 4030 aetatem
435 3980 593 4029 decet.
640 3977 817 4027 deinde
852 3977 1107 4026 admodum
1138 3991 1362 4041 generose
1400 3978 1699 4042 responditz.
1724 3978 2105 4043 Haudquaquam
2140 3979 2279 4029 facile
2311 3988 2402 4039 ast,

215 4075 318 4123 qum
340 4061 388 4109 in
414 4059 661 4125 praesentia
681 4059 882 4122 quaesita
903 4066 1032 4119 sunt,
1055 4057 1129 4107 vel
1150 4058 1412 4115 admittere,
1449 4059 1524 4108 vel
1547 4075 1755 4108 renuere.
1821 4059 1870 4107 Si
1892 4060 2017 4108 enim
2038 4077 2116 4110 me
2136 4068 2400 4124 temperan-

216 4146 305 4188 tem
341 4156 446 4190 esse
487 4155 739 4204 negavero,
780 4138 929 4203 primo
967 4139 1160 4203 quidem
1195 4146 1350 4202 turpe,
1370 4138 1623 4203 videbitur,
1658 4141 1793 4205 quod
1838 4140 1940 4204 ipse
1983 4141 2099 4190 mihi
2139 4142 2361 4205 derogem
2384 4157 2399 4188 ε

214 4219 384 4269 deinde
420 4219 585 4270 Critiae
618 4218 777 4282 hujus,
810 4217 1100 4284 aliorumque
1134 4215 1609 4285 multomquuibus
1644 4233 1908 4285 temperans
1928 4237 2047 4269 esse
2082 4220 2264 4276 videor,
2296 4228 2401 4266 tan-

214 4316 349 4370 quam
372 4301 538 4350 falsam
562 4301 841 4349 sententiam
864 4302 1117 4364 abrogabo.
1153 4302 1225 4349 sin
1257 4308 1415 4350 autem
1449 4302 1752 4360 affirmavero,
1774 4302 1940 4354 odiosa
1961 4300 2195 4349 videbitur
2214 4299 2317 4346 hnc
2336 4299 2401 4347 de

217 4396 288 4429 me
319 4382 424 4446 ipso
453 4380 705 4446 jactantia.
736 4389 1021 4445 quapropter
1055 4399 1277 4446 quorsum
1310 4400 1383 4432 me
1406 4394 1602 4443 vertam,
1624 4384 1803 4434 nescio.
1868 4381 2023 4430 Probe
2055 4376 2188 4440 loqui
2208 4376 2399 4436 videris,

213 4460 502 4527 ¹Charmides,
525 4462 735 4526 inquam.
767 4461 928 4527 itaque
962 4464 1274 4516 communiter
1311 4464 1686 4530 investigandum
1720 4470 1858 4526 pute,
1886 4468 2039 4507 utrum
2071 4456 2201 4518 quDd
2238 4471 2396 4522 quffl'o
