2917 4975
558 433 670 494 192
1467 430 1866 493 PLA'role
2595 434 2751 516 [456

545 596 733 653 putato.
797 586 1038 645 Quidnam
1055 584 1412 650 reportabimus,
1435 585 1473 633 si
1496 585 1546 637 in
1567 592 1696 633 tnam
1719 600 1805 633 nos
1827 585 2158 641 tradiderimus
2187 585 2534 650 disciplinam?
2567 588 2747 651 quibos

542 671 606 717 de
627 668 765 717 rebus
784 666 1079 730 reipublice
1100 664 1345 719 consulere
1368 666 1625 730 poterimus
1648 666 1667 713 ἓ
1702 666 1918 731 nunquid
1942 667 2005 715 de
2019 667 2154 731 justo
2185 666 2336 715 solum
2358 674 2408 716 et
2425 664 2606 731 injusto
2630 669 2647 716 ἒ
2684 683 2749 716 an

544 756 769 812 protem
784 748 847 797 de
866 747 941 796 his
961 762 1070 811 qum
1091 746 1234 796 modo
1254 746 1473 796 Socrates
1506 746 1807 795 adducebat?
1875 746 1955 795 Da
1983 762 2174 812 operam
2209 746 2368 810 igitur,
2402 763 2432 796 o
2467 747 2668 811 Gorgia.
2691 756 2750 795 ut

541 831 617 878 his
634 829 935 893 respondeas.
999 828 1139 878 Gon.
1174 828 1396 879 conabor
1422 828 1645 892 equidem
1679 843 1867 876 omnem
1893 828 1980 877 tibi
2002 828 2242 877 rhetorica
2262 827 2535 877 facultatem
2561 827 2751 890 planius

541 909 793 973 explicate.
826 911 931 974 lpse
965 910 1091 958 enim
1114 909 1320 973 perbelle
1353 910 1415 957 ad
1453 909 1503 956 id
1539 924 1626 957 nos
1657 908 1914 958 deduxisti.
1979 909 2081 958 Scis
2116 909 2301 972 utique,
2329 909 2431 959 hmo
2467 907 2676 965 navalia.
2696 916 2749 957 et

538 991 713 1039 monia
732 989 1026 1041 Athenarum
1048 998 1309 1055 portusque
1342 989 1702 1055 dispositionem
1738 990 1905 1053 partim
1942 989 2293 1052 Themistoclis,
2315 990 2487 1053 panim
2526 988 2749 1048 Periclis,

541 1087 637 1121 non
661 1072 891 1135 opificum
904 1071 1105 1121 consilio
1126 1086 1228 1120 erse
1248 1078 1535 1121 constructa.
1598 1070 1686 1119 So.
1723 1070 1955 1119 Feruntur
1977 1071 2099 1131 hoc,
2122 1087 2152 1118 o
2174 1069 2373 1134 Gorgia,
2393 1071 2457 1118 de
2471 1068 2745 1118 Themisto·

538 1152 631 1202 cle·
695 1152 925 1203 Periclem
947 1166 1060 1200 vero
1080 1151 1185 1214 ipse
1207 1150 1368 1199 andivi
1391 1151 1453 1199 de
1476 1164 1609 1198 muro
1632 1149 1791 1197 medio
1814 1150 2131 1199 construendo
2153 1149 2334 1199 civitati
2355 1150 2742 1214 peratiadentctn.

541 1232 682 1282 Gon.
716 1232 951 1281 Proterea
964 1229 1184 1294 quotiens
1205 1231 1269 1277 de
1288 1230 1382 1291 his,
1411 1229 1559 1293 [456]
1592 1244 1700 1292 qum
1741 1236 1791 1276 tu
1830 1229 1972 1277 modo
2009 1229 2259 1287 referebas,
2279 1230 2584 1287 deliberetur,
2607 1229 2744 1279 vides

537 1322 744 1363 oratores
778 1311 906 1375 ipsos
941 1310 1205 1372 consulere,
1244 1323 1502 1371 eorumque
1536 1309 1586 1355 in
1622 1308 1695 1356 liis
1731 1309 1870 1356 rebus
1909 1308 2114 1372 proferri
2157 1310 2431 1359 sententias.
2496 1310 2584 1358 So.
2618 1309 2744 1358 Hac

536 1394 760 1458 equidem
782 1390 1035 1447 admirans,
1056 1389 1252 1454 Gorgia,
1268 1387 1554 1452 jamdudum
1576 1404 1606 1437 a
1628 1396 1675 1436 te
1696 1389 1758 1437 de
1774 1388 2016 1438 rhetorico
2039 1396 2275 1452 potestate
2298 1389 2531 1454 perquiro.
2564 1405 2742 1454 nempe

534 1473 654 1525 mihi
670 1474 781 1525 hoc.
792 1470 1025 1535 cogitanti
1058 1468 1222 1519 divina
1241 1467 1464 1533 quadam
1485 1467 1736 1532 potestatis
1757 1467 1863 1532 ejus
1886 1469 2166 1533 magnitudo
2188 1471 2391 1519 ridetur.
2456 1470 2598 1520 Gon.
2627 1469 2676 1519 Ο
2700 1472 2758 1525 sir

536 1561 711 1605 cuneta
730 1556 891 1608 scires.
909 1568 939 1601 o
961 1552 1197 1610 Socrates,
1219 1550 1403 1599 videres
1424 1549 1658 1613 proiecto,
1679 1550 1800 1599 lianc
1824 1565 2005 1609 omnes,
2026 1557 2080 1599 ut
2100 1551 2365 1600 summatim
2386 1550 2565 1607 dicam,
2581 1551 2671 1599 sub
2687 1566 2742 1598 ae

535 1635 658 1684 vires
678 1632 918 1697 amplecti.
949 1631 1089 1694 cujus
1119 1631 1312 1694 quidem
1347 1630 1414 1678 rei
1449 1644 1669 1692 magnum
1707 1630 1794 1679 tibi
1828 1630 2020 1679 afferam
2055 1640 2398 1693 argumentum.
2462 1631 2603 1694 Sope
2633 1631 2740 1695 ja-

537 1730 649 1764 cum
680 1715 819 1763 fratre
849 1727 954 1760 meo
990 1711 1189 1775 aliisque
1226 1710 1424 1759 medicis
1459 1711 1521 1758 ad
1562 1710 1766 1775 aliquem
1799 1713 2127 1774 egrotantium
2152 1712 2403 1774 ingressus,
2425 1727 2533 1761 cum
2555 1710 2639 1761 ille
2661 1712 2742 1760 rel

536 1796 839 1858 pharmacum
875 1790 1027 1838 nollet
1062 1790 1237 1852 bibere,
1271 1789 1344 1838 vel
1382 1791 1641 1839 secandum
1679 1791 1966 1839 urendumve
2003 1808 2054 1841 se
2092 1793 2278 1842 medico
2314 1809 2410 1841 non
2445 1792 2744 1857 permittere.

534 1890 692 1939 neque
711 1872 991 1937 persuadere
1010 1879 1171 1935 posset
1186 1871 1400 1920 medicus
1424 1886 1439 1920 ε
1473 1886 1565 1934 ego
1589 1871 1817 1935 persuasi,
1840 1887 1934 1921 non
1957 1871 2048 1921 alin
2070 1888 2212 1937 qnam
2231 1873 2469 1923 rhetorice
2485 1872 2742 1924 facultate.

534 1969 690 2005 amero
710 1960 886 2008 autem,
908 1951 950 2000 si
982 1966 1123 2015 quam
1156 1950 1208 1999 in
1238 1953 1399 1999 urbem
1420 1952 1579 2000 rhetor
1609 1952 1859 2001 accesserit
1878 1961 2021 2018 atque
2044 1954 2276 2013 medicus,
2293 1961 2588 2017 certensi-que
2609 1952 2740 2003 inter

534 2050 618 2090 eos
638 2034 790 2085 verbis
811 2034 859 2081 in
880 2033 1113 2083 concione
1135 2032 1209 2080 vel
1232 2032 1281 2079 in
1304 2031 1400 2080 alio
1421 2031 1593 2095 quovis
1613 2038 1757 2089 coetu,
1779 2039 1884 2080 uter
1905 2032 1969 2080 sit
2004 2049 2090 2097 pro
2119 2034 2306 2083 medico
2339 2034 2606 2098 eligendus.
2627 2034 2737 2082 rbe-

532 2127 669 2166 torne
689 2131 749 2164 an
773 2114 1012 2167 medicusz
1044 2113 1146 2163 fote
1178 2121 1232 2161 ut
1250 2113 1461 2163 medicus
1491 2113 1686 2177 quidem
1710 2128 1943 2177 nusquam
1965 2122 2228 2178 appareat;
2258 2114 2458 2178 eligatur
2488 2122 2668 2169 autem,
2699 2114 2742 2161 ai

534 2197 678 2245 modo
699 2195 802 2259 ipse
822 2194 954 2252 velit,
975 2194 1166 2243 dicendi
1189 2193 1382 2257 peritus.
1414 2193 1726 2257 similiterque
1761 2194 1804 2242 si
1837 2196 2058 2243 adversus
2092 2195 2237 2243 alium
2271 2194 2483 2260 quemvis
2504 2192 2736 2243 artificem

531 2285 681 2327 octat
699 2276 973 2333 rhetoricus,
997 2275 1232 2323 obtinebit
1247 2283 1300 2322 ut
1318 2274 1422 2339 ipse
1446 2274 1605 2339 potius
1625 2290 1768 2340 quam
1789 2275 1944 2338 quivis
1963 2275 2084 2323 alius
2104 2274 2323 2340 eligatur.
2355 2274 2471 2322 nihil
2493 2274 2621 2324 enini
2641 2283 2738 2328 est.

533 2359 598 2407 de
618 2374 714 2423 quo
734 2372 833 2406 non
854 2356 1019 2420 majori
1039 2370 1147 2404 cum
1170 2355 1472 2420 persuasione
1496 2355 1771 2414 rhetoricus,
1791 2371 1932 2420 quam
1955 2355 2155 2421 quilibet
2175 2356 2360 2412 artifex,
2387 2355 2531 2417 vulgo
2565 2354 2737 2419 loqua-

534 2445 628 2487 tur.
692 2437 915 2488 Potentia
935 2436 1082 2502 igitur
1104 2436 1217 2486 artis
1236 2436 1378 2502 hujus
1400 2445 1533 2486 tanta
1553 2444 1628 2487 est
1646 2445 1790 2502 atque
1811 2437 1935 2486 talis.
1966 2437 2107 2487 decet
2139 2445 2316 2503 tamen,
2338 2452 2368 2486 o
2400 2435 2637 2492 Socrates,
2663 2435 2732 2483 ita

528 2520 759 2568 rhetorica
789 2519 880 2574 uti,
900 2518 1298 2581 quemadmodum
1335 2525 1386 2565 et
1417 2518 1549 2565 omni
1582 2517 1677 2566 alia
1708 2518 1936 2567 facultate
1970 2518 2202 2568 certandi.
2236 2534 2391 2583 neque
2411 2517 2539 2565 enim
2562 2516 2622 2579 is,
2643 2517 2732 2580 qui

528 2598 701 2662 pugnis
720 2598 964 2645 lacertisve
984 2604 1035 2644 et
1054 2597 1194 2644 arinis
1214 2596 1281 2643 ita
1302 2612 1513 2660 pugnare
1535 2596 1773 2654 didicerit,
1795 2605 1848 2644 ut
1869 2595 2033 2646 amicis
2065 2607 2115 2647 et
2143 2597 2348 2648 inimicis
2383 2596 2597 2661 superior
2620 2612 2733 2661 pos-

527 2678 589 2726 sit
604 2678 821 2732 evadere,
843 2676 907 2723 ob
928 2677 1017 2723 hoc
1038 2676 1261 2723 adversus
1291 2691 1455 2723 omnes
1478 2692 1614 2739 oque
1635 2683 1811 2725 certare
1835 2676 1997 2734 debet,
2036 2684 2089 2724 ut
2109 2678 2285 2726 amicos
2306 2678 2450 2727 etiam
2475 2677 2733 2740 percutiat,

528 2763 728 2821 pungat,
752 2756 956 2805 occidat.
996 2769 1086 2802 nec
1108 2754 1250 2802 etiam
1274 2771 1358 2819 per
1387 2756 1580 2818 Jovem,
1601 2756 1640 2803 si
1662 2757 1770 2819 quis
1811 2757 2027 2819 palaestra
2060 2758 2343 2806 exercitatus
2382 2757 2514 2821 pugil
2550 2757 2738 2805 robusti

528 2837 737 2901 eorporis
757 2836 978 2892 evaserit,
1000 2835 1178 2885 deinde
1200 2843 1419 2898 parentes
1441 2843 1526 2884 aut
1556 2836 1760 2899 aliquem
1796 2835 1940 2883 alium
1976 2837 2339 2885 domesticorum
2361 2836 2435 2885 vel
2471 2836 2736 2885 amicorum

527 2918 715 2983 pulset:
752 2925 1000 2981 propterea
1023 2914 1326 2978 pedeti-ibas,
1344 2923 1398 2966 et
1426 2931 1511 2963 eos
1544 2916 1628 2979 qui
1664 2913 1802 2962 armis
1825 2929 2030 2978 pugnare
2052 2915 2244 2969 docent.
2261 2914 2376 2962 odio
2398 2916 2576 2964 habere
2597 2925 2654 2966 et
2674 2931 2731 2965 ex

527 3000 720 3048 urbibus
740 2997 976 3063 expellere
992 2997 1150 3045 decet.
1216 2993 1297 3043 Illi
1313 2994 1439 3043 enim
1464 2996 1565 3043 limo
1598 2995 1908 3050 tradiderunt,
1930 3003 1986 3042 ut
2005 2996 2105 3043 hnc
2125 2995 2362 3043 discentes
2380 3005 2551 3043 contra
2572 2998 2732 3044 bootes

527 3089 579 3131 et
598 3079 852 3130 inferentes
870 3076 1088 3141 injuriam
1125 3074 1273 3139 [457]
1310 3082 1568 3140 uterentur,
1590 3073 1871 3124 ulciscentes
1885 3073 2125 3138 videlicet,
2146 3090 2241 3122 non
2264 3074 2538 3126 inferentes.
2588 3074 2731 3123 Non-

528 3162 647 3212 nulli
669 3177 778 3210 rero
800 3162 903 3209 hmo
936 3164 1255 3221 pervertentes
1290 3157 1456 3205 robore
1487 3163 1680 3221 arteque
1713 3156 1990 3205 abutuntur.
2021 3156 2106 3202 sed
2142 3171 2240 3203 non
2263 3162 2514 3220 propterea
2529 3156 2616 3220 qui
2638 3158 2728 3204 do·

526 3250 727 3293 cuernnt
745 3239 947 3303 improbi
968 3245 1081 3285 sunt
1092 3236 1348 3299 judicandi
1368 3254 1384 3297 3
1417 3253 1575 3301 neque
1595 3252 1669 3286 ars
1688 3237 1949 3300 culpanda,
1973 3237 2189 3300 malaque
2206 3236 2458 3284 habendae
2489 3238 2592 3294 sed.
2619 3252 2726 3288 meo

526 3323 717 3387 quidem
756 3318 959 3382 judicio,
1000 3316 1086 3381 qui
1130 3331 1344 3380 perverse
1383 3325 1595 3365 utuntur.
1660 3317 1843 3366 Eadem
1879 3332 2073 3381 quoque
2105 3317 2170 3366 de
2208 3318 2438 3368 rhetorica
2476 3319 2595 3368 ratio
2631 3328 2725 3370 est.

529 3402 696 3451 Potest
715 3398 840 3446 enim
863 3404 914 3445 et
933 3398 1155 3444 adversus
1175 3410 1339 3443 omnes
1359 3403 1409 3444 et
1429 3397 1645 3459 qualibet
1664 3398 1726 3445 de
1749 3413 1798 3446 re
1820 3405 1974 3446 orator
1994 3397 2152 3447 dicere
2172 3415 2184 3445 z
2219 3400 2341 3448 adeo
2374 3407 2427 3447 ut
2447 3402 2575 3463 apud
2599 3403 2724 3450 rnul-

527 3480 777 3531 titudinem
799 3476 937 3526 facile
957 3475 1213 3523 admodum
1236 3475 1299 3523 de
1314 3490 1363 3523 re
1379 3475 1593 3539 qualibet
1609 3478 1936 3540 persuadendo
1950 3477 2161 3540 superior
2177 3494 2279 3528 esse
2299 3479 2462 3543 possit.
2527 3481 2596 3528 At
2614 3498 2724 3531 vero

527 3561 567 3610 si
588 3558 821 3625 quispiam
858 3558 1062 3621 adeptus
1098 3556 1392 3620 rhetoricam,
1414 3555 1591 3605 deinde
1625 3556 1802 3620 injuste
1840 3558 2057 3621 potentia
2089 3558 2232 3622 hujus
2266 3561 2376 3609 artis
2397 3569 2583 3612 utatur:
2621 3579 2718 3611 non

526 3656 635 3691 enm
658 3639 738 3703 qui
758 3638 941 3699 docuit,
960 3637 1116 3685 odisse
1134 3643 1277 3701 atque
1300 3638 1411 3686 urbe
1427 3638 1662 3702 expellere
1691 3638 1832 3687 decet
1856 3655 1869 3686 t
1901 3638 2008 3702 ipse
2027 3640 2154 3688 enim
2175 3642 2237 3689 ad
2265 3640 2449 3705 justum
2470 3658 2605 3691 usum
2628 3643 2721 3693 tra·

525 3721 668 3777 didit,
689 3720 767 3768 hic
787 3734 896 3767 vero
917 3725 1081 3768 contra
1104 3717 1267 3768 utitur.
1335 3717 1639 3783 Quapropter
1655 3734 1764 3769 enm
1784 3719 1870 3784 qui
1890 3736 1987 3790 non
2008 3729 2134 3770 recte
2159 3722 2321 3779 utitur,
2343 3738 2430 3786 par
2460 3731 2536 3771 est
2565 3725 2720 3773 odisse

525 3810 578 3852 et
597 3803 646 3849 in
667 3800 882 3850 exsilium
906 3799 1088 3848 mittere
1109 3806 1158 3847 et
1177 3799 1442 3848 interimere
1460 3818 1474 3846 ι
1511 3808 1847 3865 preceptorem
1870 3817 1980 3851 vero
2012 3816 2331 3866 nequaquam.
2392 3803 2473 3853 So.
2507 3803 2721 3853 Arbitror

528 3892 594 3941 te,
616 3881 812 3945 Gorgia,
836 3879 995 3929 multis
1015 3880 1419 3943 disputationibus
1438 3881 1725 3945 interfuisse,
1744 3881 1892 3947 idque
1922 3881 1974 3929 in
2011 3882 2080 3930 eis
2092 3881 2192 3946 jam
2216 3892 2506 3948 compertum
2531 3886 2720 3942 habere.

526 3978 608 4013 eos
626 3960 868 4018 videlieet,
888 3961 972 4026 qui
997 3962 1116 4010 inter
1138 3977 1189 4009 se
1210 3959 1475 4025 disputant,
1495 3961 1623 4010 haud
1643 3961 1786 4010 facile
1810 3976 1965 4025 posse,
1986 3975 2097 4010 cum
2133 3962 2400 4027 disceptare
2433 3963 2716 4028 inceperint,

525 4044 594 4093 sic
612 4043 758 4099 abire,
782 4048 831 4089 ut
856 4057 947 4089 rem
972 4043 1122 4107 ipsam
1145 4041 1426 4091 definientes
1446 4057 1498 4090 se
1520 4041 1720 4091 invicem
1741 4041 1894 4090 solum
1924 4042 2129 4090 doceant
2150 4051 2294 4106 atque
2314 4043 2503 4093 discant
2523 4063 2535 4092 ε
2571 4048 2652 4094 sed
2673 4045 2714 4092 si

526 4126 588 4174 de
610 4123 770 4188 aliquo
792 4123 1101 4179 contendant,
1126 4138 1281 4187 neque
1304 4122 1574 4171 concedant
1605 4121 1723 4170 alter
1758 4122 1892 4170 alteri
1924 4130 2008 4170 aut
2030 4137 2137 4170 vere
2172 4135 2253 4171 aut
2291 4124 2542 4189 perspicue
2565 4126 2713 4189 loqui.

523 4204 829 4270 indignantur
848 4212 900 4251 et
920 4218 1006 4267 per
1025 4203 1251 4251 invidiam
1274 4203 1452 4253 dictum
1477 4211 1664 4267 putant,
1686 4210 1917 4252 certantes
1937 4204 2094 4260 simul,
2128 4219 2223 4251 non
2255 4213 2414 4253 autem
2447 4206 2579 4270 quod
2616 4213 2714 4254 erat

525 4284 817 4350 propositum
840 4283 1175 4347 perquirentes.
1209 4298 1551 4348 nonnunquam
1572 4299 1681 4332 vero
1704 4286 1894 4332 tandem
1926 4286 2047 4333 adeo
2086 4285 2282 4348 turpiter
2310 4285 2583 4346 discedunt,
2604 4303 2711 4336 eum

520 4365 690 4429 jurgiis
709 4363 977 4428 mutuisque
999 4362 1276 4419 maledictis,
1295 4372 1349 4412 ut
1368 4363 1510 4411 etiam
1547 4362 1776 4428 peniteat
1793 4365 2057 4422 audientes,
2092 4367 2220 4429 quod
2244 4365 2478 4430 ejusmodi
2502 4369 2715 4416 homines

530 4445 797 4504 putaverint
818 4443 1099 4495 audiendos.
1137 4459 1356 4508 quorsum
1380 4460 1488 4494 vero
1511 4445 1611 4494 hoc
1650 4444 1793 4492 dico?
1827 4445 2051 4509 quoniam
2084 4453 2131 4494 tu
2156 4460 2250 4493 non
2276 4445 2389 4494 milii
2414 4446 2589 4508 videris
2607 4448 2718 4507 satis
