2917 4975
184 450 323 539 1⁷⁷]
1019 448 1542 526 T'HEAETETUS.
2254 470 2371 529 251

178 618 337 681 procul
365 636 394 669 a
416 620 577 671 servili
598 620 694 671 vita
724 622 915 674 educati
949 631 1075 676 sunt.
1141 622 1279 681 Haec,
1302 637 1332 671 o
1351 623 1620 689 Theodoro,
1652 623 1891 690 utriusque
1912 624 2143 678 conditio.
2203 616 2379 676 'Altera

170 698 358 763 quidem
375 700 584 752 hominis
602 702 751 762 illius,
771 705 853 770 qni
876 703 1089 753 libertate
1110 711 1160 753 et
1178 704 1279 753 otio
1303 710 1375 753 est
1396 705 1664 767 educatus3
1695 720 1836 771 quem
1857 706 2189 771 philosophum
2208 722 2376 766 vocas,

170 779 248 844 qui
268 797 378 829 corn
402 798 453 831 re
471 799 581 832 vera
602 784 853 848 vituperari
876 799 974 833 non
1011 785 1203 847 debeat,
1232 793 1389 833 tamen
1427 784 1587 834 fatuus
1608 793 1658 834 et
1677 786 1873 851 ineptus
1892 794 2109 852 apparet,
2130 787 2380 852 quotiens·

170 873 354 925 cunque
372 863 564 912 servilia
585 866 853 929 aggreditur
875 865 1155 925 ministeria;
1189 881 1298 915 cum
1329 880 1488 929 teque
1520 871 1879 916 stramentorum
1917 869 2122 917 nmina·
2151 867 2377 931 colligare

171 952 319 1005 neque
341 942 648 993 obsoniorum
672 946 972 995 condimenta
1010 946 1243 995 conficere
1277 960 1431 1010 neque
1475 947 1735 995 adulatoria
1776 948 2100 997 blandimenta
2124 949 2371 998 verborum

167 1021 434 1085 confingere
460 1024 623 1089 possit.
686 1025 850 1074 Altera
871 1034 943 1075 est
965 1026 1168 1075 hominis
1190 1026 1315 1075 illius
1337 1026 1571 1086 conditio,
1590 1028 1673 1092 qui
1694 1030 1796 1078 haec
1816 1029 2040 1093 expedite
2060 1016 2370 1094 celeriterque

169 1100 516 1153 subministrare
539 1113 713 1169 potest,
736 1107 820 1154 sed
844 1106 1033 1155 decenti
1057 1105 1192 1155 tiberi
1213 1106 1416 1154 hominis
1436 1106 1608 1154 vestitu
1633 1110 1881 1156 commode
1905 1109 1972 1155 uti
1992 1109 2160 1158 nescit.
2194 1124 2369 1157 senno·

168 1179 236 1229 nis
274 1182 475 1248 insuper
502 1184 656 1250 [176]
688 1186 934 1234 harmonia
965 1185 1289 1243 convenienti,
1328 1187 1522 1233 deornm
1566 1194 1618 1234 et
1659 1186 1904 1234 hominurn
1948 1189 2189 1236 beatorum
2225 1189 2369 1237 vitam

167 1276 314 1311 veram
334 1280 509 1314 canere
531 1282 719 1331 prorsus
739 1267 943 1330 ignorat.
1003 1265 1080 1313 Tu
1089 1281 1173 1313 so.
1205 1264 1254 1312 Si
1270 1266 1437 1314 ceteris
1450 1265 1722 1314 hominibus
1739 1282 1796 1315 ea
1815 1282 1922 1331 quae
1937 1266 2073 1325 dicis,
2090 1283 2120 1314 ο
2137 1268 2373 1332 Socrates,

165 1356 294 1406 aeque
317 1359 375 1392 ac
402 1345 516 1393 mibi
542 1347 865 1410 persuaderes,
892 1362 982 1408 pax
1005 1345 1205 1409 amplior
1228 1354 1277 1393 et
1298 1344 1421 1393 mala
1436 1345 1659 1409 pauciora
1680 1347 1802 1394 inter
1815 1346 2032 1394 homines
2053 1355 2369 1398 nascerentur.

163 1420 241 1471 So.
277 1422 350 1472 At
368 1423 667 1489 impossibile
689 1435 779 1482 est,
811 1443 841 1474 o
878 1425 1148 1482 Theodore,
1171 1424 1294 1473 mala
1323 1424 1515 1489 penitus
1552 1426 1788 1489 extirpari.
1822 1440 1931 1472 nam
1954 1427 2080 1472 bono
2101 1426 2373 1489 oppositum

161 1500 340 1566 aliquid
367 1521 474 1552 esse
499 1520 686 1569 semper
706 1521 898 1554 necesse
921 1512 1009 1552 est.
1041 1520 1198 1568 neque
1221 1503 1304 1551 illa
1327 1512 1485 1552 tamen
1509 1505 1638 1568 apud
1664 1506 1779 1553 deos
1800 1504 1956 1553 locum
1972 1505 2143 1551 habers
2158 1512 2372 1567 possunt.

159 1592 381 1630 naturam
406 1600 518 1631 vero
543 1583 780 1633 mortalem
806 1585 1426 1650 regionemque'inferiorem
1448 1584 1710 1633 necessario
1732 1585 2041 1635 circumeunt.
2109 1584 2371 1642 Quareco·

157 1663 373 1710 nandum
400 1671 492 1719 est,
516 1671 571 1711 ut
592 1663 701 1712 hinc
723 1664 837 1713 illuc
859 1680 998 1730 quam
1023 1665 1259 1714 celerrime
1278 1665 1533 1729 fugiamus.
1566 1665 1676 1727 fuga
1700 1672 1857 1713 atrtem
1880 1672 1969 1725 est,
1991 1671 2044 1712 ut
2065 1664 2177 1713 Deo
2193 1664 2369 1714 similes

158 1757 237 1803 pro
261 1741 450 1790 viribus
471 1744 741 1793 efficiamur.
789 1744 918 1794 .Deo
939 1745 1116 1794 similes
1137 1745 1278 1794 eflicit
1299 1762 1407 1794 cum
1430 1746 1679 1810 prudentia
1694 1744 1883 1810 justitia
1904 1745 2039 1793 simul
2057 1753 2108 1793 et
2123 1745 2366 1798 sanctim.

159 1820 402 1880 Ceterum,
427 1839 457 1870 o
481 1824 553 1871 vir
587 1824 784 1889 optime,
809 1826 936 1874 haud
970 1826 1108 1875 facile
1140 1826 1193 1874 id
1230 1826 1498 1889 persuaderi
1535 1833 1711 1891 potest,
1731 1827 1862 1890 quod
1904 1842 2001 1874 non
2040 1824 2166 1874 illius
2195 1826 2365 1891 gratis,

159 1900 293 1964 cujus
318 1902 492 1967 vulgus
527 1903 784 1964 existimat,
824 1907 1066 1970 sequenda
1104 1907 1249 1954 virtus
1283 1914 1334 1955 et
1354 1906 1518 1954 vitium
1558 1906 1857 1971 fugiendum,
1891 1906 1983 1956 hoc
2016 1915 2090 1955 est
2116 1922 2180 1956 nc
2213 1906 2364 1957 malus

162 1981 358 2030 videaris
397 1990 548 2048 utque
587 1985 738 2033 bonus
771 2002 1013 2051 apparens.
1046 1987 1120 2035 11ae
1156 2003 1360 2052 namque
1382 1987 1676 2037 anicularum
1699 2003 1840 2052 nugae
1864 1987 1979 2036 mihi
2000 2003 2102 2038 csse
2122 1987 2361 2040 videntur.

159 2058 245 2108 Sed
283 2064 416 2126 quod
461 2080 618 2112 rerum
657 2065 736 2121 sit,
760 2065 826 2113 ita
863 2067 1090 2116 dicamus.
1157 2066 1290 2115 Deus
1326 2083 1555 2133 nusquam
1594 2075 1646 2117 et
1683 2069 1815 2116 nullo
1854 2068 1995 2116 modo
2032 2066 2253 2131 injustus,
2272 2069 2357 2118 sed

160 2154 295 2202 quam
323 2141 634 2206 justissimus,
675 2153 819 2195 totam
843 2148 1069 2198 videlicet
1096 2148 1372 2211 complexus
1401 2147 1601 2210 justitiae
1635 2156 1948 2213 potestatem:
1984 2148 2196 2213 nihilque
2229 2149 2359 2198 illius

161 2218 351 2269 similius
385 2239 530 2286 qnam
563 2223 849 2288 justissimus
886 2228 1045 2277 homo.
1116 2227 1255 2277 Circa
1286 2229 1378 2275 hoc
1400 2244 1510 2275 vera
1539 2227 1771 2276 industria
1806 2237 1858 2275 et
1892 2228 2121 2276 fortitudo
2142 2228 2244 2285 viri,
2267 2244 2358 2279 nec

162 2313 254 2346 non
276 2300 447 2351 inertia
485 2302 886 2369 imbecillitasqne
912 2314 1134 2355 versatur.
1169 2308 1332 2354 horum
1367 2323 1481 2355 sanc
1502 2307 1715 2369 cognitio
1737 2322 1844 2354 vera
1867 2306 2009 2354 virtus
2027 2313 2078 2354 et
2096 2306 2330 2369 sapientia
2347 2324 2362 2355 z

160 2377 384 2441 ignoratio
409 2392 577 2433 contra
600 2384 785 2433 inscitia
808 2393 857 2434 et
880 2386 1152 2450 improbitas
1176 2387 1441 2435 manifesta.
1513 2386 1639 2434 Alias
1660 2402 1789 2442 vero,
1822 2402 1929 2449 quae
1962 2385 2211 2433 facultates
2232 2387 2360 2449 sspi-

163 2460 392 2527 cntiaequo
427 2465 670 2525 videntur,
709 2466 760 2514 in
800 2466 1017 2517 civilibus
1051 2469 1244 2533 quidem
1280 2468 1624 2531 magistratibus
1659 2467 1866 2516 molestae
1901 2472 2044 2517 sunt:
2095 2466 2144 2515 in
2181 2466 2359 2516 artibus

165 2550 313 2591 sutem
336 2546 651 2595 mechanicae.
718 2545 797 2595 Illi
820 2546 982 2611 igitur,
1004 2549 1089 2612 qni
1110 2549 1289 2613 aliquid
1315 2549 1477 2613 inique
1514 2549 1734 2613 patravit,
1755 2555 1804 2597 et
1836 2548 2033 2612 profana
2065 2547 2263 2612 protulit
2283 2546 2360 2597 vel

159 2624 406 2682 commisit,
431 2635 625 2690 praestat
648 2643 945 2693 nequaquam
969 2631 1252 2688 concedere,
1276 2646 1385 2679 eum
1415 2630 1600 2678 astutiis
1620 2646 1722 2679 esse
1744 2636 1988 2694 potentem
2022 2635 2167 2693 atque
2186 2628 2354 2677 fecun-

159 2701 281 2755 dum.
346 2706 603 2755 Exsultnnt
625 2709 752 2757 enim
774 2710 1025 2774 opprobrio
1062 2710 1204 2775 hujus
1239 2712 1420 2775 generis
1442 2711 1676 2767 homines,
1697 2726 1843 2775 seque
1876 2709 2038 2760 audire
2061 2716 2231 2774 pntnnt
2266 2708 2355 2757 rni-

157 2781 274 2832 nime
295 2786 511 2850 abjectos
533 2798 582 2836 et
595 2789 762 2838 inanes
781 2792 1090 2841 homunculos
1108 2808 1225 2850 esse,
1247 2793 1385 2856 qnasi
1407 2799 1556 2850 terrae,
1580 2799 1635 2839 ut
1655 2791 1845 2848 dicitur,
1870 2793 2056 2854 pondus
2077 2790 2231 2848 iners3
2264 2788 2349 2838 sed

154 2860 270 2911 viros
291 2867 430 2925 tales,
454 2879 510 2915 nt
530 2876 633 2917 tuto
655 2870 703 2919 in
727 2887 776 2920 rc
799 2872 989 2936 publica
1010 2873 1183 2922 versari
1206 2873 1409 2923 valeant.
1477 2872 1691 2936 Ideoque
1721 2871 1889 2920 veritas
1924 2870 2350 2933 exprimenda.est,

155 2946 274 3004 quod
297 2963 356 2994 eo
381 2949 529 3012 magis
552 2950 668 2998 tales
685 2959 812 3009 sunt,
836 2953 1001 3016 quales
1024 2969 1119 3000 non
1155 2960 1340 3015 putant,
1362 2968 1458 3015 quo
1503 2953 1656 2999 minus
1690 2957 1896 3013 putant:
1929 2948 2111 3010 quippe
2142 2961 2252 2994 curn
2273 2946 2350 2993 in·

147 3018 339 3082 justitian
362 3028 558 3076 multam
582 3032 816 3093 ignorent,
838 3046 979 3093 quam
1004 3032 1215 3094 ignorare
1250 3032 1441 3078 minime
1464 3030 1621 3078 dccet.
1657 3043 1810 3090 neque
1831 3027 1957 3074 enim
1981 3033 2073 3084 est,
2091 3037 2234 3086 quam
2253 3023 2350 3070 sor-

153 3103 267 3151 sitan
290 3109 571 3171 opinantur,
603 3110 796 3157 verbera
829 3118 972 3174 atque
996 3112 1169 3167 caedes,
1193 3127 1297 3173 quae
1323 3125 1451 3173 saepe
1490 3109 1541 3155 lui
1575 3106 1835 3171 patiuntur,
1853 3102 1937 3167 qui
1966 3101 2194 3165 injustum
2231 3100 2353 3149 nihil

150 3194 358 3243 egerunt,
395 3198 447 3235 et
476 3187 643 3250 injusti
678 3204 805 3250 saepe
837 3189 1088 3237 devitant:
1125 3191 1207 3237 sed
1244 3204 1301 3236 ea.
1328 3187 1506 3252 potius,
1528 3202 1634 3250 quae
1653 3184 1788 3231 vitari
1826 3198 1920 3230 nou
1943 3188 2117 3247 potest.
2180 3179 2348 3229 Tuto.

152 3259 302 3316 Quam
344 3264 504 3313 dicis?
571 3265 657 3314 So.
692 3265 813 3314 Cum
848 3266 895 3314 in
931 3266 1098 3314 ordine
1132 3281 1301 3328 rerum,
1326 3282 1356 3314 o
1393 3266 1562 3323 amice,
1586 3262 1867 3327 exemplaris
1887 3264 1983 3311 duo
2004 3263 2115 3318 sint,
2135 3261 2349 3309 divinum

145 3343 340 3403 quidem
364 3344 716 3406 beatissimum;
748 3347 875 3410 quod
901 3363 1010 3395 vero
1035 3346 1132 3395 Dei
1155 3363 1336 3412 expers,
1359 3346 1664 3396 miserrimum
1687 3361 1703 3406 3
1736 3360 1831 3393 non
1854 3343 2068 3392 videntes
2086 3341 2157 3391 ita
2177 3357 2273 3390 rem
2296 3355 2349 3390 sc

146 3419 338 3480 habere,
362 3424 564 3473 stultitia
597 3435 896 3493 extremaque
936 3429 1174 3477 dementis
1209 3428 1446 3494 occupati,
1471 3428 1670 3477 latenter
1705 3425 1814 3475 huic
1841 3425 2035 3490 quidem
2073 3422 2249 3471 similes
2279 3421 2345 3470 ob

144 3498 288 3568 [177]
324 3505 539 3554 actiones
575 3506 760 3571 iniquas
793 3511 1069 3567 redduntur,
1122 3511 1188 3558 illi
1219 3520 1385 3560 contra
1426 3509 1692 3559 dissimiles.
1741 3505 1879 3570 cujus
1918 3504 2133 3569 profecto
2175 3501 2344 3552 delicti

149 3595 305 3642 poenas
339 3588 575 3649 pendunt,
615 3589 726 3636 dum
764 3590 907 3639 vitam
943 3591 1013 3639 illi
1045 3592 1421 3649 convenientem,
1450 3591 1533 3640 cui
1561 3588 1740 3637 similes
1780 3586 1940 3635 effecti
1979 3591 2105 3642 sunt,
2143 3584 2347 3633 ducunt·

152 3660 396 3714 Enimvero
419 3667 459 3714 si
490 3669 762 3727 dixerimus,
790 3671 919 3735 quod
960 3672 1046 3718 bos
1068 3671 1281 3736 quidem,
1302 3673 1393 3720 nisi
1429 3687 1459 3719 a
1480 3670 1695 3735 nequitia
1711 3667 2014 3723 cessaverint,
2035 3665 2134 3713 vita
2153 3665 2344 3713 functos

148 3740 271 3793 locus
289 3746 373 3795 ille
398 3747 620 3796 malorum
642 3764 807 3811 expers
829 3766 924 3799 non
948 3750 1123 3815 capiet,
1141 3751 1219 3799 hic
1243 3760 1398 3799 antem
1423 3750 1625 3816 proprias
1649 3749 1757 3797 vitae
1781 3746 2137 3795 similitudinem
2177 3751 2343 3809 gerent

154 3836 341 3888 semper,
367 3844 458 3876 una
477 3843 584 3877 cum
619 3829 751 3876 malis
768 3830 876 3877 mali
894 3836 1125 3878 versantes
1145 3846 1158 3877 ι
1193 3831 1285 3894 ipsi
1305 3837 1527 3894 tanquam
1544 3831 1683 3878 astuti
1702 3828 2013 3891 malitiosique
2034 3825 2343 3875 deliramenta

154 3905 358 3963 quaedam
396 3909 562 3957 audire
591 3924 642 3957 se
679 3909 857 3959 dicent.
924 3907 1091 3958 Taso.
1122 3907 1187 3957 Et
1225 3910 1422 3959 maxime
1457 3911 1669 3975 quidem,
1715 3924 1744 3956 o
1785 3910 2020 3957 Socrates.
2087 3906 2174 3955 So.
2207 3904 2341 3954 Novi

155 3984 383 4051 equidem,
405 4005 435 4036 o
457 3990 627 4040 amice.
694 3989 853 4038 Unum
877 3991 968 4038 hoc
989 3990 1153 4039 saltem
1188 3990 1284 4039 illis
1316 3991 1513 4054 accidit,
1536 3991 1665 4055 quod
1703 3989 1742 4037 si
1778 3989 1974 4052 quando
1998 3986 2211 4051 privatim
2234 3986 2340 4036 red·

152 4058 252 4110 dere
274 4067 472 4117 vicissim
496 4077 546 4119 et
565 4070 729 4118 afferre
750 4071 803 4119 in
827 4072 1034 4120 medium
1058 4072 1262 4120 rationes
1286 4087 1466 4131 eorum,
1504 4086 1611 4134 qnae
1633 4069 1916 4132 vituperent,
1940 4083 2134 4116 necesse
2156 4068 2233 4123 sit,
2255 4081 2339 4115 vc·

155 4136 324 4207 lintque
345 4148 540 4198 viriliter
560 4150 839 4214 disputandi
860 4167 1035 4199 moram
1057 4153 1242 4216 perpeti
1262 4167 1417 4216 neque
1441 4152 1611 4215 ignave
1628 4150 1786 4215 fugere
1806 4167 1819 4197 ε
1853 4158 1968 4199 tunc
1986 4150 2194 4208 demum,
2208 4147 2340 4210 quod

165 4219 398 4276 absurdum
421 4238 512 4286 est,
542 4230 629 4278 sibi
666 4231 757 4294 ipsi
782 4230 832 4278 in
854 4231 927 4279 his
949 4245 1057 4295 qum
1080 4232 1249 4280 dicunt
1271 4247 1569 4296 nequaquam
1594 4229 1803 4295 placent,
1821 4243 2077 4292 eorumque
2110 4223 2341 4272 rhetorico

159 4302 333 4372 penny,
355 4310 611 4371 evanescit,
636 4317 689 4356 ut
708 4310 856 4358 nihilo
880 4310 1066 4359 differre
1087 4326 1116 4358 a
1137 4311 1295 4376 pueris
1312 4312 1578 4361 rideantur.
1643 4309 1818 4358 Verum
1841 4309 1912 4357 hu
1926 4307 2029 4369 jam
2051 4304 2213 4359 finem»
2227 4311 2337 4344 ⁶⁹⁸¹

158 4387 311 4438 prater
335 4389 623 4451 propositum
668 4389 781 4446 sint,
810 4389 1131 4453 imponamus:
1168 4391 1378 4455 alioquin
1401 4390 1617 4439 materies
1641 4389 1851 4452 undique
1872 4384 2076 4449 plurima
2094 4375 2339 4425 confinem

158 4471 399 4516 ‘ermonem
422 4484 450 4517 a
474 4469 707 4535 principio
731 4470 999 4519 institutum
1022 4472 1207 4520 obruet.
1271 4470 1580 4520 Revertamur
1602 4469 1743 4532 igitur
1772 4467 1834 4514 ad
1857 4462 2025 4527 priore,
2047 4456 2090 4504 Ιί
2112 4453 2200 4502 ‘ibi
2220 4467 2342 4519 ‘1¹²0-
