2917 4975
229 465 374 552 326]
1078 467 1654 534 PROTAGORAS.
2348 474 2430 533 49

222 628 281 679 ad
302 630 513 678 futurum
533 629 739 695 respicit,
760 645 823 680 ne
843 629 1119 681 iterum-aut
1152 631 1258 696 lpse
1292 630 1562 695 delinquat,
1596 637 1682 680 aut
1709 628 1830 679 alius
1849 630 2054 695 quilibet
2072 629 2293 696 exemplo
2313 630 2422 696 ejus

222 710 471 759 adductus.
535 711 764 775 Quisquis
801 718 963 760 autem
997 712 1091 760 hoc
1130 711 1372 774 proposito
1408 726 1702 775 censumque
1730 710 1966 775 ejusmodi
2004 711 2350 762 animadvertit
2373 710 2427 758 in

221 798 385 847 errata,
402 791 616 840 doctriua
635 791 857 841 virtutem
892 792 1131 842 existimat
1150 792 1550 856 comparabilem:
1584 793 2022 843 nam-absterrendi
2053 808 2198 843 causa
2233 791 2423 857 plectit·

224 870 499 920 Hacinente
519 871 843 938 opinioneque
862 876 927 923 ad
951 873 1256 938 plectendum
1280 874 1519 923 accedunt
1543 880 1637 922 tam
1657 873 1850 937 publice
1870 890 2013 937 quam
2036 874 2274 939 privatim,
2311 870 2421 936 qui-

221 966 408 1016 cunque
442 952 496 999 in
527 962 780 1016 peccantes
811 954 1209 1005 animadvertunt.
1278 954 1616 1004 Condemnent
1647 962 1804 1003 autern
1826 955 2126 1019 puniuntque
2146 970 2258 1004 cum
2275 952 2427 1003 ceteri

222 1046 399 1088 omnes,
434 1047 519 1080 eos
537 1048 658 1095 quos
671 1031 895 1096 judicant
915 1043 1204 1099 peccatores,
1237 1041 1339 1082 tum
1374 1034 1578 1082 maxime
1598 1033 1815 1083 cives‘tui
1836 1033 2174 1085 Athenienses.
2239 1034 2422 1093 Quam-

218 1112 375 1162 obrem
397 1112 713 1163 Athenienses
735 1131 928 1180 quoque
949 1132 1008 1164 ex
1027 1116 1118 1165 hac
1136 1115 1321 1164 ratione
1339 1116 1391 1164 in
1411 1131 1575 1166 eorum
1595 1131 1792 1165 numero
1812 1132 1915 1165 esse
1934 1123 2139 1173 constat,
2160 1116 2246 1181 qui
2261 1115 2424 1165 doceri

217 1193 439 1242 virtutem
461 1203 648 1258 putant.
713 1195 787 1244 Ex
809 1198 886 1245 his
905 1205 1088 1261 aperte,
1111 1205 1165 1244 ut
1185 1197 1396 1256 arbitror,
1418 1204 1727 1246 monstratum
1750 1206 1844 1260 est,
1866 1215 1896 1247 o
1917 1198 2152 1253 Socrates,
2173 1212 2270 1245 non
2293 1196 2423 1260 inju-

217 1273 287 1321 ria
304 1273 435 1322 cives
455 1282 564 1323 tuos
585 1275 637 1323 in
657 1276 791 1325 civili
810 1277 1221 1325 administratione
1242 1277 1492 1326 eonsilium
1515 1277 1664 1326 aerarii
1685 1277 1805 1325 fabri
1827 1278 2105 1341 coriariique
2134 1293 2234 1325 non
2261 1291 2423 1339 respu-

181 1403 191 1413 ,
214 1369 311 1411 ere,
333 1362 481 1418 atquc
502 1371 606 1417 eos,
627 1357 851 1406 doctrina
872 1365 924 1404 et
945 1356 1104 1404 studio
1125 1372 1211 1419 per
1231 1358 1616 1408 exercitationem
1639 1358 1819 1422 acquiri
1851 1373 1992 1421 posse
2012 1358 2230 1405 virtutem
2263 1356 2426 1404 existi-

215 1448 356 1482 mare.
392 1467 407 1480 .
424 1433 599 1483 Restat
618 1436 858 1483 dubitatio
878 1435 980 1492 illa,
1016 1451 1159 1498 quarn
1180 1436 1241 1483 de
1264 1436 1375 1483 viris
1396 1438 1570 1484 virtute
1602 1437 1738 1484 claris
1769 1437 1875 1498 ipse
1900 1437 2140 1491 movebas,
2168 1437 2328 1492 Quam
2362 1436 2426 1483 ob
2499 1475 2510 1486 .

212 1529 406 1562 causam
428 1514 499 1562 illi
522 1499 648 1563 tilios=
668 1530 782 1562 suos
806 1516 857 1562 in
877 1514 1116 1575 omnibus,
1138 1529 1247 1577 qum
1280 1515 1371 1561 sub
1404 1522 1694 1577 prmcepmre
1721 1515 1985 1571 discuntur,
2008 1515 2264 1563 erudiunt-z
2298 1516 2428 1579 quod

213 1610 329 1644 vero
352 1596 419 1643 ad
442 1602 685 1658 paternam
709 1595 928 1642 virtutem
944 1602 1149 1658 spectat,
1182 1592 1333 1641 nihilo
1364 1593 1474 1643 aliis
1509 1595 1780 1642 hominihus
1814 1594 2031 1643 clariores
2051 1595 2277 1644 efficiunt.
2342 1593 2429 1643 Aa

207 1676 307 1725 hoc
328 1675 587 1738 rationem,
607 1690 638 1722 o
659 1674 896 1738 Socrates,
920 1689 1016 1723 non
1035 1675 1241 1723 fabulam
1262 1674 1472 1725 afferam.
1539 1675 1618 1724 Sic
1640 1676 1767 1724 enim
1790 1675 1967 1739 cogita,
1992 1675 2164 1724 Utrum
2183 1682 2257 1724 est
2278 1690 2425 1724 unum

210 1755 421 1819 aliquid,
444 1763 664 1819 autnon,
699 1756 839 1821 cujus
859 1770 1053 1804 necesse
1084 1755 1147 1803 sit
1176 1755 1304 1803 cives
1335 1769 1499 1803 omnes
1527 1752 1630 1804 eisc
1659 1755 1929 1820 participes,
1963 1755 2002 1804 si
2035 1756 2179 1804 modo
2209 1764 2426 1805 constare

213 1824 387 1885 civitas'
407 1836 599 1885 debeat.
665 1836 742 1885 Ita
758 1835 884 1885 enim
899 1837 1002 1885 htec
1020 1844 1101 1884 tua
1115 1835 1397 1900 ambiguitas
1413 1834 1626 1894 solvitur,
1643 1835 1777 1885 aliter
1797 1852 1907 1884 vero
1924 1834 2150 1889 minime.-
2198 1837 2251 1885 Si
2275 1852 2422 1886 unum

216 1917 308 1964 boc
328 1923 501 1973 exstat,
537 1933 695 1981 neque
714 1925 789 1967 est
810 1918 1188 1975 architectorum,
1226 1931 1384 1981 neque
1416 1917 1680 1965 aerariorum
1701 1917 1950 1975 artificum,
1988 1918 2419 1982 neque-figulorum
2445 1927 2461 1939 ⁰

217 1996 481 2060 opificium,
502 1998 585 2047 sed
603 1997 809 2062 justitia,
831 1999 1161 2063 temperantia,
1183 1998 1426 2061 sauctitas,
1467 1996 1617 2064 [825]
1652 2006 1719 2054 et,
1743 2005 1800 2046 ut
1819 1999 1985 2063 paucis
2002 2000 2424 2061 comprehendam,

214 2076 302 2123 viri
322 2077 514 2140 propria
535 2077 713 2127 virtus:
749 2078 788 2126 si
809 2079 903 2127 hoc
922 2087 1014 2136 cst,
1035 2078 1250 2142 inquam,
1270 2077 1410 2142 cujus
1428 2077 1684 2143 participes
1704 2093 1807 2127 esse
1828 2087 2019 2144 oportet
2039 2094 2219 2136 omnes,
2243 2086 2293 2127 et
2312 2095 2425 2129 cum

218 2156 305 2205 boc
324 2157 511 2206 discere
525 2166 576 2206 et
594 2173 734 2222 agere
753 2159 1077 2224 quodcunque
1099 2160 1289 2223 placeat
1308 2158 1437 2207 aliud
1458 2175 1474 2218 3
1507 2159 1687 2222 absque
1707 2159 1800 2207 hoc
1817 2175 2117 2224 nequaquam
2137 2176 2152 2210 ε
2184 2169 2426 2223 expertem

219 2253 328 2286 vero
348 2238 493 2303 hujus
508 2240 688 2304 docoei,
707 2240 977 2305 corripique
997 2248 1049 2289 et
1068 2254 1286 2305 puerum,
1309 2248 1363 2290 et
1381 2240 1550 2295 virum,
1581 2248 1632 2288 et
1653 2240 1911 2297 mulierem,
1943 2241 2101 2304 quoad
2125 2240 2425 2304 correptione

219 2318 385 2367 melior
403 2318 661 2371 efficiatur:
697 2321 738 2370 si
757 2322 868 2386 quis
890 2329 1050 2370 autem
1069 2322 1196 2370 hanc
1217 2320 1448 2384 spreverit
1466 2319 1789 2384 disciplinam,
1808 2335 1917 2366 eum
1939 2329 2165 2383 tanquam
2187 2320 2425 2368 insanabi-

219 2399 309 2448 lem
330 2401 509 2464 expelli
524 2418 555 2450 c
576 2402 850 2454 civitatibus
869 2402 949 2450 vel
980 2401 1211 2450 interfici:
1245 2402 1285 2448 si
1312 2400 1380 2448 ita
1409 2408 1500 2456 est,
1534 2399 1748 2463 inquam,
1783 2408 1836 2446 ut
1856 2399 2079 2456 diximus,
2101 2398 2282 2462 virique
2304 2413 2426 2463 pm-

215 2477 392 2531 stsntes
410 2481 464 2532 in
485 2483 731 2548 republica
749 2484 895 2548 cives,
914 2483 967 2532 in
989 2482 1097 2532 aliis
1117 2481 1341 2531 erudiunt
1358 2480 1500 2540 filios,
1523 2482 1576 2529 iu
1599 2482 1690 2530 hoc
1711 2495 2030 2546 nequaquam,
2049 2479 2260 2543 adverte,
2281 2495 2425 2543 quam

218 2560 493 2612 mirabiliter
511 2563 562 2612 in
582 2580 643 2613 eo
674 2565 964 2614 excellentes
993 2565 1219 2614 evadant.
1252 2563 1385 2626 quod
1415 2563 1544 2613 euim
1573 2562 1736 2611 doceri
1759 2576 1900 2627 posse
1921 2569 2017 2609 tam
2040 2561 2258 2625 privatim
2282 2574 2426 2625 qnam

215 2643 408 2705 publice
429 2645 705 2710 opinantur,
741 2645 1052 2696 ostendimus.
1118 2645 1241 2695 Cum
1260 2660 1371 2693 vero
1404 2653 1456 2693 et
1486 2643 1705 2693 doctrina
1736 2651 1787 2693 et
1802 2658 1916 2693 curn
1935 2642 2117 2707 acquiri
2139 2642 2230 2691 hoc
2255 2642 2423 2706 possit,

215 2722 308 2771 alia
328 2723 453 2772 filios
471 2725 666 2783 docent,
697 2726 749 2775 in
784 2726 957 2791 quibus
982 2741 1080 2775 non
1112 2734 1187 2774 est
1219 2725 1441 2775 adversus
1474 2725 1743 2774 nescientes
1775 2724 1939 2791 mortis
1970 2739 2113 2787 pena
2141 2723 2386 2789 proposita
2404 2741 2421 2772 ι

213 2804 265 2852 iu
286 2806 462 2868 quibus
481 2813 641 2855 autem
661 2822 786 2855 mors
818 2814 873 2855 et
902 2806 1093 2855 exilium
1119 2813 1205 2855 aut
1233 2806 1542 2870 pecuniarum
1574 2805 1752 2855 ablatio
1782 2813 1868 2853 aut
1899 2807 2144 2854 domorum
2179 2804 2425 2854 subversio

217 2884 386 2947 premit
406 2885 595 2949 ignaros
616 2889 853 2952 rudesque
872 2887 1016 2948 filios,
1051 2889 1103 2935 in
1133 2886 1208 2935 his
1228 2902 1327 2935 non
1347 2887 1480 2937 omni
1508 2885 1760 2951 diligentia
1793 2894 1950 2950 patres
1978 2886 2229 2936 erudiuntz
2264 2893 2317 2933 et
2338 2883 2424 2936 ubi

214 2966 355 3014 mine
376 2966 654 3030 hujusmodi
688 2977 874 3033 urgent,
896 2968 1113 3018 doctrina
1130 2983 1338 3032 curaque
1359 2967 1509 3016 levior
1540 2967 1826 3016 adhibetur?
1892 2965 2170 3014 Existimat-e
2199 2966 2356 3022 decet,
2390 2980 2422 3015 ο

214 3045 452 3104 Socrates,
475 3063 507 3095 a
526 3049 702 3097 teneris
722 3039 860 3097 annis
880 3064 1031 3112 usque
1053 3049 1115 3096 ad
1138 3048 1249 3095 vitm
1268 3046 1411 3095 finem
1432 3047 1612 3096 erudiri
1632 3062 1717 3094 eos
1737 3054 1883 3108 atque
1903 3043 2101 3092 moneri.
2165 3042 2294 3089 Nam
2313 3058 2425 3091 cum

215 3126 414 3189 primum
438 3142 559 3190 puer
576 3142 686 3191 qum
707 3126 1189 3190 dicunturintelligit,
1211 3126 1383 3182 nutrix,
1404 3134 1572 3182 mater,
1587 3125 1903 3188 pedagogus,
1926 3130 2079 3186 pater,
2101 3122 2164 3170 ad
2185 3122 2277 3170 hoc
2298 3123 2431 3170 omni

214 3220 325 3255 cura
344 3207 607 3272 studioque
628 3209 946 3263 contendunt,
982 3213 1039 3254 ut
1070 3206 1125 3253 in
1159 3204 1357 3268 singulis
1388 3212 1490 3252 tum
1523 3204 1697 3266 verbis,
1719 3211 1818 3252 tum
1840 3203 2060 3275 operibus
2080 3200 2285 3267 optimas
2308 3217 2426 3266 puer

214 3289 403 3337 evadat.
472 3287 718 3350 sigillatim
738 3287 867 3336 enim
889 3293 1151 3335 monstrant
1181 3285 1297 3351 quid
1322 3284 1526 3350 justum,
1561 3285 1679 3351 quid
1711 3284 1938 3350 ,injustum
1965 3300 1980 3348 3
2015 3285 2132 3350 quid
2154 3280 2425 3344 honestum,

212 3368 323 3432 qnid
349 3377 532 3431 turpe,
517 3384 531 3397 ·
563 3368 681 3432 quid
703 3375 937 3428 nanctum,
971 3367 1147 3433 quidve
1168 3366 1415 3433 profanum
1435 3383 1451 3429 ς
1482 3383 1590 3433 quo
1611 3369 1795 3432 agenda
1818 3368 1931 3425 sint,
1952 3382 2060 3433 qua
2082 3381 2197 3417 non.
2227 3366 2427 3432 quibus

212 3448 252 3496 si
269 3450 575 3514 obtemperat
594 3464 733 3514 puer,
751 3450 873 3497 bene
893 3464 1051 3499 secum
1075 3450 1154 3514 agi
1174 3458 1373 3515 putant:
1408 3449 1482 3498 sin
1502 3458 1671 3499 contra
1691 3449 1923 3508 renititur,
1941 3456 2046 3497 tum
2065 3448 2215 3497 velati
2234 3455 2425 3501 contom-

212 3537 311 3578 tnm
333 3530 697 3596 obliquumque
706 3530 884 3595 lignum
909 3532 1047 3585 minis
1067 3530 1316 3596 plagisque
1336 3530 1563 3596 dirigunt.
1631 3528 1852 3580 Posthaec
1889 3522 2240 3594 ludimagistris
2254 3544 2427 3601 pueros

212 3611 448 3659 curandos
485 3611 696 3670 tradunt,
730 3628 1005 3678 morumque
1039 3613 1271 3661 bonorum
1302 3611 1600 3675 diligentiam
1633 3610 1781 3658 multo
1814 3609 1980 3673 magis,
2011 3624 2154 3674 quam
2185 3608 2424 3659 literarum

212 3690 500 3756 citharaque
520 3692 801 3750 doctrinam,
834 3710 866 3742 a
896 3692 1130 3757 magistris
1162 3699 1444 3757 exposcunt.
1478 3699 1791 3756 preceptores
1822 3696 1982 3739 autem
2015 3697 2182 3737 curant
2211 3695 2264 3737 et
2284 3702 2426 3737 exco-

212 3769 333 3819 lunt.
399 3772 466 3820 Et
504 3782 756 3838 postquam
788 3774 945 3822 literas
979 3773 1266 3835 didicerunt,
1297 3774 1359 3820 ad
1385 3772 1658 3836 scriptaque
1691 3778 2048 3831 convertuntur,
2090 3767 2341 3832 poetarum
2371 3767 2424 3815 in

206 3850 371 3913 primis
391 3853 726 3903 excellentium
746 3870 892 3919 opera
911 3854 1117 3919 legenda
1137 3852 1233 3900 illis
1254 3853 1610 3915 ediscendaque
1628 3857 1918 3915 proponunt,
1940 3849 2114 3911 quibus
2130 3848 2424 3897 monimen&

210 3932 560 3997 quamplurima
579 3934 865 3998 inseruntur,
878 3935 1236 3998 priscorumque
1249 3934 1449 3981 virorum
1467 3933 1639 3980 virtute
1658 3930 1978 3995 praestantium
1998 3936 2130 3992 gesta
2147 3928 2423 3988 laudantur,

212 4022 269 4059 ut
302 4029 425 4076 puer
456 4014 761 4064 emulatione
795 4029 1021 4064 accensus
1050 4013 1274 4077 praeclara
1304 4012 1536 4077 majom‘m
1568 4012 1779 4060 facinora
1809 4009 2035 4059 imitetur.
2073 4007 2224 4074 [826]
2257 4007 2424 4061 citha—

210 4092 553 4159 ristmquoque
580 4095 686 4143 aliis
721 4095 1004 4159 quibusdam
1038 4094 1229 4152 talibus,
1269 4093 1521 4158 presertim
1545 4091 1895 4157 temperantia,
1928 4089 2139 4144 student,
2161 4095 2428 4153 carentque

214 4187 277 4221 ne
314 4176 432 4238 quid
472 4191 716 4239 perperam
751 4176 1078 4226 adolescentes
1111 4183 1272 4241 agant.
1334 4176 1500 4240 Atque
1527 4175 1611 4222 ubi
1650 4174 1837 4239 pulsare
1872 4172 2098 4221 citharam
2136 4170 2426 4225 didicerunt,

217 4256 467 4318 poetarum
491 4257 661 4305 iterum
683 4257 879 4306 aliorum
902 4267 1069 4307 cantus
1092 4258 1417 4308 modulatione
1439 4256 1761 4321 praestantium
1783 4254 2043 4304 cantilenas
2076 4252 2270 4306 docent,
2304 4258 2426 4309 qu-

216 4336 278 4384 ad
312 4338 540 4385 citharam
572 4340 855 4388 concinant:
889 4341 1231 4406 rhythmosque
1262 4348 1315 4389 et
1344 4339 1610 4388 harmonias
1639 4352 1889 4403 puerorum
1926 4332 2097 4383 animi·
2131 4328 2427 4376 cnnsm'mm

216 4427 470 4481 conantur,
510 4425 565 4466 ut
599 4419 806 4468 mitiores
844 4422 1242 4486 modestioresque
1263 4428 1314 4469 et
1332 4420 1666 4471 concinniores
1697 4416 1875 4471 effecti,
1912 4414 1975 4462 ad
2013 4406 2247 4471 egendum
2282 4402 2428 4459 utile·

212 4495 325 4553 sint,
347 4507 399 4545 et
418 4499 483 4545 ad
505 4498 776 4549 dicendum.
840 4501 1006 4551 Omnis
1025 4502 1153 4552 enim
1177 4502 1374 4551 bominis
1399 4502 1500 4550 vita
1520 4512 1770 4549 numerosa
1802 4493 2006 4557 quadam
2035 4484 2222 4550 ind¹8⁶²
2251 4498 2426 4619 ἔθηκ’·

345 4578 481 4629 Ploet.
521 4577 601 4627 Tr.
1334 4582 1378 4632 1.
