2917 4975
219 399 332 479 4⁷]
1181 391 1454 455 carro,
2104 360 2119 370 ”
2315 398 2432 459 149

217 551 384 611 fidem,
406 567 439 600 ο
458 550 694 615 Socrates,
728 563 820 600 nec
858 546 957 598 ullo
975 546 1119 599 modo
1148 546 1289 621 aliter
1311 539 1485 599 foetas:
1542 547 1628 597 So.
1661 546 1707 596 Ο
1729 544 1883 598 sanies
1905 547 2057 607 Crito,
2097 547 2306 599 studium
2332 552 2425 602 hoc

153 642 174 665 Ι
214 641 352 680 tuum
386 631 608 698 permulti
628 630 897 681 faciendum
919 637 1061 687 esset,
1095 628 1136 677 si
1165 643 1260 694 qna
1281 628 1465 677 ratione
1486 634 1616 677 rectu
1653 635 1925 692 susceptum
1960 638 2103 678 esset.
2146 629 2222 678 sin
2253 630 2430 695 atinus,

211 720 397 777 quanto
419 712 743 762 vehementius
758 717 848 769 est,
870 718 1001 759 tanto
1023 708 1280 760 molestius.
1347 709 1757 759 Considerandum
1778 720 1854 758 est
1871 708 2033 775 igitur,
2048 710 2297 775 agendane
2317 712 2423 761 hoc

212 793 352 841 nobis
369 794 486 852 siut,
506 808 569 842 an
593 808 709 857 non.
741 807 850 839 nam
872 806 963 856 cgo
997 789 1039 839 is
1059 805 1162 837 sum
1185 804 1281 838 non
1303 789 1449 837 modo
1472 803 1618 851 nunc,
1657 790 1745 839 sed
1766 797 1817 838 et
1852 805 2053 855 semper,
2092 790 2177 856 qui
2213 806 2423 840 meorum

211 873 329 921 nulli
345 889 556 937 paream,
579 880 889 938 preterquam
910 869 1102 935 rationi5
1123 885 1230 935 quae
1250 870 1553 920 ratiocinanti
1576 870 1688 919 mihi
1709 871 1892 935 optima
1913 872 2143 922 videatur.
2183 872 2423 921 Rationes

211 952 372 1017 itaque
396 954 522 1011 illas,
543 953 716 1019 quibus
738 952 1057 1017 superioribus
1080 951 1368 1016 temporibus
1389 968 1504 1001 usus
1526 967 1649 1005 sum.
1672 967 1762 1001 nec
1777 968 1906 1001 nunc
1927 953 2140 1018 quidem,
2162 961 2417 1018 postquam

211 1032 260 1079 in
280 1033 405 1082 lunc
441 1033 680 1082 fortunam
716 1032 887 1096 incidi,
922 1031 1117 1097 rejicere
1144 1046 1335 1097 possum
1359 1048 1372 1080 ε
1409 1033 1493 1080 sed
1535 1031 1714 1080 similes
1733 1032 1848 1080 mihi
1868 1031 2012 1082 ferme
2034 1043 2284 1097 appsrent‚
2318 1050 2422 1083 eas·

211 1113 415 1179 demque
436 1114 489 1163 in
511 1112 783 1178 prasentia,
817 1128 935 1178 quas
957 1121 1009 1162 et
1040 1113 1190 1177 prius.
1211 1128 1407 1162 veneror
1439 1120 1587 1177 atque
1609 1112 1869 1176 profiteorr
1904 1114 2046 1171 adeo.
2072 1114 2135 1161 ‘ut
2168 1113 2260 1163 nisi
2291 1130 2421 1165 nunc

210 1194 427 1243 meliores
447 1194 616 1243 afferre
639 1194 891 1258 possimus,
915 1191 1058 1256 plane
1080 1191 1199 1241 sciro
1233 1192 1431 1248 debeas,
1466 1206 1546 1239 me
1583 1191 1671 1239 tibi
1703 1207 1802 1240 non
1830 1207 2159 1243 concessurum
2179 1211 2194 1242 ε
2228 1210 2345 1253 non,
2377 1196 2422 1246 si

209 1274 351 1323 etiam
375 1275 535 1339 plura,
574 1289 719 1339 quam
753 1288 901 1330 nunc,
938 1271 1258 1321 multitudinis
1294 1271 1516 1336 potentin
1538 1273 1841 1329 comminata,
1873 1288 1961 1321 nos
1989 1282 2213 1338 tanquam
2248 1291 2421 1340 pueros

209 1355 370 1404 larvali
393 1355 687 1421 terribilique
708 1354 833 1403 facie
854 1360 1109 1418 perterrere
1131 1360 1346 1412 conetur,
1367 1352 1576 1416 pecunia
1596 1360 1648 1400 et
1666 1353 1857 1409 dsmna,
1878 1360 2090 1411 cstenas,
2121 1355 2278 1403 cedes
2299 1355 2422 1419 obji-

203 1436 357 1486 ciens.
425 1435 531 1485 Ca.
562 1435 785 1492 Quanam
806 1433 952 1496 igitur
970 1432 1153 1480 ratione
1169 1432 1473 1480 mediocriter
1490 1431 1930 1481 consider-bimus?
1995 1434 2083 1483 80.
2115 1433 2225 1482 Hac
2243 1435 2427 1499 utique,

205 1516 245 1564 si
268 1516 340 1573 id,
362 1517 503 1580 qnod
527 1522 580 1563 tu
600 1516 663 1563 de
685 1513 993 1578 opinionibus
1026 1510 1171 1575 paulo
1193 1518 1306 1560 ante
1326 1510 1541 1567 dicebas,
1563 1525 1852 1559 resumamus
1871 1529 1884 1560 z
1917 1518 2071 1561 utrum
2093 1529 2280 1578 semper
2300 1523 2423 1565 recte

202 1612 259 1644 se
277 1597 463 1644 habent
482 1609 654 1653 necne,
675 1600 891 1658 oportere
913 1591 1095 1641 scilicet
1115 1592 1409 1655 quarundam
1441 1590 1723 1656 opinionum
1746 1592 1975 1642 rationem
1993 1594 2185 1654 habere,
2217 1611 2423 1660 quarun-

202 1676 324 1724 dam
346 1690 466 1724 vero
488 1674 696 1726 minime.
758 1672 842 1722 An
863 1672 984 1721 forte
1015 1671 1146 1738 prius
1173 1687 1316 1737 quum
1336 1671 1387 1720 in
1410 1671 1673 1736 periculum
1709 1673 1869 1723 mortis
1902 1674 2176 1734 inciderem,
2205 1684 2334 1727 recte
2368 1678 2423 1728 id

204 1755 497 1805 dicebatur·
533 1770 659 1804 nunc
682 1768 792 1802 vero
812 1759 1020 1815 constat,
1057 1752 1243 1818 frustra,
1266 1752 1604 1818 disputationis
1624 1754 1793 1821 gratia,
1823 1755 1891 1805 ita
1911 1756 2091 1806 dictum
2112 1756 2274 1817 fuisse,
2305 1775 2417 1810 cum

205 1851 366 1885 revera
381 1834 506 1900 joco
522 1835 712 1885 cuidam
735 1834 967 1899 nugisque
988 1842 1113 1883 esset
1133 1834 1408 1883 adductum.
1477 1832 1637 1899 Cupio
1657 1835 1894 1902 equidem,
1918 1852 1948 1885 o
1968 1837 2121 1897 Crito,
2143 1854 2241 1888 una
2261 1847 2417 1890 tecum

208 1915 531 1975 considerare,
551 1916 767 1981 nunquid
789 1930 941 1964 sermo
963 1914 1044 1964 ille
1066 1915 1192 1980 prior
1209 1915 1393 1965 alienus
1431 1922 1662 1981 appareat
1691 1916 1827 1977 mihi,
1862 1933 1990 1967 nunc
2017 1917 2067 1968 in
2103 1920 2194 1969 hac
2227 1921 2418 1971 fortuna

208 1996 505 2059 constituto3
537 2012 598 2046 an
621 2012 808 2062 prorsus
826 1997 950 2046 idem
967 1997 1051 2063 qui
1083 2004 1133 2045 et
1154 1997 1317 2062 prius·
1354 2004 1499 2062 atque
1520 2004 1675 2045 utrum
1695 1998 2005 2048 dimittendus
2027 1999 2090 2048 sit
2110 2016 2139 2049 a
2158 2001 2315 2060 nobis,
2337 2005 2414 2052 vel

213 2077 302 2143 ipsi
325 2079 773 2144 obtemperandum.
839 2077 1130 2142 [Dicebatur
1149 2086 1327 2142 nutem,
1349 2085 1404 2125 ut
1423 2078 1612 2143 opinor,
1646 2095 1831 2145 semper
1852 2081 1920 2130 sic
1944 2081 2039 2129 ub*
2026 2082 2100 2137 iis,
2137 2082 2222 2148 qui
2255 2099 2308 2132 se
2326 2084 2415 2131 sli-

211 2160 323 2222 quid
346 2161 512 2210 dicero
530 2159 877 2221 existimabant,
898 2166 954 2206 ut
972 2173 1101 2207 nunc
1121 2158 1315 2223 quidem
1338 2172 1430 2222 ego
1466 2158 1681 2207 dicebam
1702 2177 1714 2207 :
1749 2175 1943 2223 nempe,
1978 2162 2222 2210 hominum
2257 2164 2416 2227 opini-

212 2255 322 2289 ones
344 2241 522 2305 partim
546 2239 737 2305 plurimi
753 2240 995 2288 faciendas
1015 2254 1071 2287 se
1094 2239 1382 2302 sequendas.
1403 2239 1574 2301 partim
1594 2253 1707 2287 vero
1731 2239 1940 2288 minime.
1996 2240 2136 2302 Ἡοο,
2156 2258 2240 2306 per
2261 2243 2414 2301 Deos,

212 2336 242 2368 o
261 2321 412 2385 Crito,
433 2337 601 2371 nonne
622 2321 710 2370 tibi
729 2328 855 2370 recte
876 2320 975 2369 dici
996 2319 1219 2368 videtur?
1255 2326 1307 2367 tu
1325 2317 1473 2376 enim,
1507 2327 1565 2366 ut
1584 2318 1676 2367 sert
1696 2319 1940 2367 hominum
1963 2321 2197 2385 conditio,
2231 2330 2413 2372 tantum

213 2401 320 2451 abes
342 2418 373 2452 a
392 2401 613 2467 periculo
643 2409 700 2452 ut
729 2402 936 2451 crastino
974 2401 1054 2449 die
1090 2399 1205 2464 [4⁷]
1239 2399 1487 2460 ωσι-ἱππίας
1520 2413 1609 2447 nec
1639 2406 1688 2447 te
1709 2397 1757 2446 in
1779 2414 1978 2448 errorem
2001 2400 2183 2450 inducit
2212 2418 2416 2466 praesens

213 2481 503 2547 calumum]
566 2479 828 2533 Considera
853 2479 1031 2546 igiturz
1065 2496 1126 2528 sn
1150 2495 1249 2529 non
1287 2478 1573 2529 sufficienter
1601 2479 1691 2529 tibi
1720 2479 1815 2529 dici
1837 2479 2039 2540 videtur,
2074 2498 2171 2532 non
2201 2493 2416 2549 oportere

212 2577 369 2613 omnes
407 2562 670 2630 opiniones
707 2563 951 2611 hominum
989 2560 1158 2627 sequi;
1190 2562 1273 2611 sed
1298 2560 1415 2610 alins
1445 2561 1638 2626 quidem
1673 2562 1979 2627 sequi„alias
2000 2580 2110 2612 vero
2143 2566 2415 2631 negligere:

213 2656 360 2709 neque
382 2645 600 2694 omnium
622 2643 836 2709 quidem,
857 2638 941 2692 fied
979 2642 1211 2691 duntaxat
1228 2643 1543 2709 quorundum.
1573 2642 1688 2708 quid
1711 2659 1824 2708 ergo
1845 2643 2001 2694 dicis?
2028 2645 2137 2694 haec
2165 2661 2262 2695 non
2284 2655 2411 2698 recte

214 2724 461 2775 dicuntur?
533 2725 635 2775 Cn.
665 2724 836 2775 Recte·
901 2725 990 2777 80.
1026 2723 1108 2773 An
1128 2740 1226 2774 non
1252 2725 1396 2774 bonus
1429 2725 1660 2774 honorare
1693 2726 1852 2791 decet,
1885 2726 2031 2774 malus
2051 2743 2162 2776 vero
2199 2735 2416 2777 coutem-

213 2808 356 2857 nere?
419 2806 532 2859 Cn.
563 2805 642 2855 Ita
661 2807 816 2856 decet.
882 2808 968 2856 So.
1001 2807 1153 2856 Bona
1189 2814 1348 2856 autem
1387 2822 1549 2856 nonne
1588 2807 1906 2871 prudentum?
1938 2807 2075 2856 malae
2102 2815 2268 2858 contra
2298 2818 2413 2858 sunt

212 2886 603 2952 imprudentum?
667 2887 765 2937 Cn.
798 2887 1017 2945 Quidni?
1082 2888 1170 2937 80.
1206 2888 1314 2951 Age
1336 2903 1467 2949 vero,
1488 2902 1694 2952 quonum
1716 2887 1861 2935 modo
1880 2902 2035 2935 rursus
2051 2886 2165 2934 talia
2184 2887 2411 2936 diceban·

214 2968 318 3016 tur?
349 2970 433 3033 qni
456 2969 510 3017 in
533 2967 792 3033 gymnasiis
812 2983 864 3016 se
887 2973 1091 3028 exercet,
1129 2974 1282 3014 utrum
1304 2964 1563 3029 cujuslibet
1579 2966 1784 3014 hominis
1804 2965 1955 3023 laudi,
1977 2965 2051 3013 vel
2080 2965 2413 3029 vituperationi

213 3056 414 3098 mentem
437 3049 720 3109 adhibebit3
752 3062 813 3095 an
835 3047 966 3096 illius
986 3052 1191 3102 tantum,
1211 3046 1298 3110 qui
1318 3046 1532 3093 medicus
1548 3045 1627 3102 sit,
1649 3051 1735 3092 aut
1753 3042 1990 3108 gymnasii
2010 3044 2261 3108 magister?
2313 3046 2412 3096 Cn.

211 3127 369 3193 Hujus
384 3128 554 3179 solius.
617 3129 705 3177 80.
740 3126 823 3175 An
844 3141 945 3174 non
968 3127 1132 3175 timere
1153 3127 1295 3174 decet
1315 3124 1704 3188 vituperationes,
1724 3133 1775 3171 et
1795 3133 1960 3187 optare
1977 3125 2141 3173 laudes
2159 3123 2287 3174 illius
2309 3127 2414 3174 uni·

213 3226 266 3257 us
287 3211 468 3275 potius,
488 3225 632 3273 quum
654 3206 942 3255 multorum?
1008 3205 1108 3255 Cn.
1141 3205 1313 3255 Procul
1333 3205 1500 3254 dubio.
1565 3204 1650 3254 80.
1682 3203 1790 3255 Hac
1806 3204 1968 3270 itaque
1985 3204 2165 3254 ratione
2181 3205 2252 3255 illi
2266 3221 2413 3271 agen·

210 3290 322 3338 dnm
339 3300 435 3346 eat,
456 3287 884 3351 exercendumque,
906 3292 956 3334 et
976 3285 1213 3334 edendum
1234 3293 1378 3351 atque
1399 3285 1672 3344 bibendum,
1705 3301 1801 3353 qna
1822 3284 1893 3335 illi
1912 3286 2054 3336 unico
2074 3285 2306 3351 videntur,
2328 3289 2413 3354 qui

209 3369 473 3434 president
492 3366 841 3432 intelligatque,
862 3366 1018 3432 potius
1038 3382 1199 3433 quam,
1219 3375 1273 3416 ut
1295 3367 1482 3416 videtur
1498 3367 1659 3433 vulgo.
1725 3367 1823 3418 Cn.
1856 3367 1984 3417 Vera
2005 3368 2108 3417 haec
2129 3377 2256 3419 sunt.
2319 3370 2406 3420 80.

210 3450 344 3507 Quid
367 3465 500 3508 vero,
519 3447 561 3496 si
583 3447 652 3496 illi
675 3449 754 3496 uni
776 3462 871 3496 non
894 3455 1071 3512 pareat,
1093 3447 1465 3512 opinionemque
1483 3447 1591 3512 ejus
1609 3456 1661 3498 et
1680 3450 2112 3498 commendationes
2132 3449 2267 3499 nihili
2290 3467 2407 3516 pen·

213 3528 312 3592 dat,
348 3529 553 3578 honoret
573 3543 682 3577 vem
718 3527 851 3592 vulgi
890 3527 1282 3593 ignorantumque
1314 3528 1766 3587 commendationes,
1802 3530 2018 3595 nunquid
2051 3546 2083 3579 a
2121 3531 2245 3580 mulo
2277 3538 2408 3581 tutus

213 3609 334 3658 erit?
399 3610 501 3661 Cn.
535 3609 754 3659 Minime.
819 3609 908 3660 80.
943 3609 1075 3667 Quid
1097 3616 1254 3658 autem
1272 3616 1346 3659 est
1366 3609 1416 3658 id
1439 3610 1634 3668 malum,
1656 3618 1706 3658 et
1725 3626 1929 3675 quonam
1947 3611 2116 3670 tendit,
2133 3611 2243 3661 etin
2264 3627 2407 3677 quum

217 3703 305 3737 non
344 3691 611 3740 obedientis
644 3690 860 3755 pau-tem?
925 3690 1023 3740 Cn.
1056 3689 1118 3746 1n
1153 3706 1324 3755 corpus
1343 3690 1569 3740 videlicet
1587 3708 1604 3752 3
1634 3691 1726 3741 hoc
1763 3693 1890 3741 enim
1928 3693 2255 3755 corrumpitur.
2319 3694 2406 3743 80.

219 3767 364 3821 Recte
384 3771 524 3821 dicis.
589 3770 768 3821 Nonne
789 3778 841 3820 ct
859 3771 923 3820 de
944 3770 1122 3833 aliisyo
1144 3771 1296 3829 Crito,
1325 3771 1493 3821 eadem
1528 3771 1649 3820 ratio
1680 3772 1786 3821 est?
1854 3772 1933 3821 Ne
1970 3773 2135 3821 omnia
2165 3789 2405 3837 percurra-

220 3862 340 3901 mus:
374 3854 438 3902 de
453 3851 599 3918 justis
619 3852 810 3917 inqusm
827 3850 1128 3917 injustisque
1147 3852 1210 3901 de
1233 3852 1448 3917 turpibus
1468 3860 1520 3902 et
1538 3853 1768 3916 honestis,
1804 3853 2035 3918 bonisque
2072 3861 2122 3903 et
2158 3854 2309 3910 malis,
2343 3855 2407 3904 do

220 3931 414 3993 quibua·
401 3951 450 3983 m
474 3933 725 3999 presentis
745 3933 883 3982 nobis
903 3933 1189 3982 consultatio
1210 3941 1300 3991 est,
1332 3943 1485 3982 utrum
1507 3934 1759 3983 multorum
1781 3933 2058 3999 opinionem
2079 3935 2215 3998 sequi
2238 3935 2406 3983 vereri-

222 4024 308 4073 que
327 4015 599 4078 debeamus,
619 4030 683 4064 an
705 4015 844 4063 unius
867 4013 1043 4078 potius,
1064 4014 1147 4079 qui
1168 4014 1419 4079 intelligat,
1440 4032 1583 4082 quem
1605 4016 1746 4065 decet
1756 4023 1804 4068 et
1824 4016 2031 4064 venerari
2052 4022 2105 4062 et
2125 4015 2287 4063 timere
2310 4029 2411 4062 ma·

223 4090 460 4158 85⁸,un
481 4104 682 4146 cunctos
711 4095 846 4144 ulios.
879 4094 959 4144 cui
979 4094 1072 4144 nisi
1107 4095 1598 4159 obtemperaverimus,
1634 4097 1859 4145 loedemur
1888 4103 1940 4145 et
1970 4109 2320 4158 corrumpemur
2354 4094 2410 4141 in

225 4187 293 4230 eo,
309 4178 432 4239 quod
449 4177 584 4242 justo
606 4178 798 4243 quidem
818 4176 985 4224 melius
1007 4175 1124 4233 fieri,
1145 4176 1323 4240 injusto
1345 4189 1503 4228 antem
1538 4177 1771 4242 corrumpi
1793 4178 1960 4227 solent.
1994 4190 2054 4222 nn
2077 4174 2196 4219 nihil
2225 4173 2275 4220 id
2295 4181 2369 4220 est
2389 4173 2409 4220 ἓ

229 4251 316 4303 Cn.
345 4256 400 4305 ld
423 4259 635 4324 quidem,
657 4276 685 4306 o
707 4259 943 4322 Socrates,
964 4255 1176 4306 arbitror.
1241 4257 1329 4309 80.
1362 4258 1468 4324 Age
1499 4276 1630 4317 vcro,
1667 4258 1707 4306 si
1730 4258 1798 4314 id,
1818 4258 1948 4321 quod
1970 4270 1999 4303 a
2021 4252 2192 4301 salubri
2215 4251 2407 4312 quidem

228 4332 277 4380 fit
296 4338 471 4397 melius,
491 4340 553 4387 ab
583 4339 803 4388 insalubri
830 4355 938 4388 vero
958 4337 1287 4403 corrumpitur,
1321 4341 1686 4406 corruperimus,
1718 4336 2040 4401 imperiturum
2076 4331 2234 4392 potius
2266 4345 2408 4391 quam

230 4415 467 4474 petitorum
490 4421 675 4486 sequuti
689 4419 899 4486 judicia,
938 4436 999 4468 an
1020 4419 1159 4469 nobis
1177 4437 1237 4470 eo
1258 4421 1498 4474 destructo
1520 4419 1775 4471 vivendum
1805 4414 1928 4464 erit?
1961 4419 2036 4459 est
2055 4414 2212 4455 nutem
2235 4407 2285 4456 id
2307 4423 2411 4459 cor.
