2917 4975
535 429 662 490 340
1443 415 1850 478 Puro-ms
2581 415 2739 496 [πε

528 585 674 650 igitur
693 581 819 635 circa
838 579 1054 631 citimam·
1065 572 1307 642 pravitatis
1326 571 1615 624 ablationem
1634 570 1945 635 reperiemus,
1960 566 2124 628 merito
2146 566 2477 634 purgationem
2497 567 2751 635 appellare

536 665 842 715 debebimus.·
897 661 1029 708 Tun.
1076 656 1308 706 Maxime.
1373 651 1477 702 Ho-
1523 649 1775 701 Pravitatis
1816 651 1869 699 in
1909 651 2069 700 anima
2108 649 2290 715 species
2330 649 2441 699 due
2486 659 2755 716 ponuntur,

532 747 669 797 Tun.
703 742 981 802 Qua-nam?
1017 737 1166 802 [228]
1194 736 1296 789 Ho.
1330 734 1442 784 Una
1467 733 1615 781 morbi
1633 731 1891 796 corporalis
1911 732 2074 790 instar,
2095 729 2403 796 turpitudinis
2422 729 2588 780 altera.
2620 731 2763 783 Tan.

534 825 680 874 Haud
703 822 941 887 intelligo.
990 819 1094 868 Ho.
1127 817 1355 865 Morbum
1377 814 1569 863 forsitan
1592 820 1643 860 et
1662 812 1942 864 seditionem
1964 827 2061 860 non
2081 811 2209 860 idem
2231 827 2391 862 vocas.
2421 809 2559 861 Tru.
2592 810 2755 861 Etiam

534 905 650 970 quid
672 904 740 952 ad
758 904 861 952 lime
884 898 1217 965 respondeam,
1259 895 1439 944 nescio.
1505 893 1607 941 Ho.
1640 891 1773 941 Num
1809 891 1940 952 aliud
1962 892 2244 942 seditionem
2268 899 2428 955 putas,
2446 907 2593 956 quam
2615 900 2759 941 natu·

533 985 644 1034 ralis
664 981 965 1048 cognationis
986 977 1321 1042 corruptelam,
1341 974 1581 1024 discordia
1597 973 1804 1039 quadam
1818 973 2212 1038 provenientem?
2276 971 2414 1023 Tun.
2445 971 2586 1024 Nihil
2603 973 2759 1024 aliud·

533 1065 637 1117 Ho.
667 1062 1028 1128 'turpitudinem
1052 1074 1161 1108 vero
1185 1072 1302 1106 nura
1324 1055 1456 1104 aliud
1496 1070 1643 1118 quam
1661 1053 2011 1115 deformitatem
2029 1070 2088 1104 ex
2116 1054 2412 1102 dissonantia
2430 1068 2615 1117 eornm,
2643 1069 2757 1119 qun

534 1153 705 1195 natura
726 1151 932 1209 cognata
951 1148 1083 1197 sunt,
1118 1137 1458 1188 resultantem?
1522 1134 1656 1184 Tne.
1689 1134 1821 1183 Istuc
1860 1134 2037 1199 ipsum.
2099 1134 2204 1184 Ho.
2239 1134 2373 1193 Quid
2414 1149 2571 1198 porro,
2590 1149 2756 1184 nonno

536 1226 758 1276 videmus
775 1224 827 1272 in
846 1223 935 1284 eis,
959 1235 1155 1287 quorum
1179 1219 1464 1282 depravatus
1485 1223 1559 1264 est
1581 1214 1782 1273 animus,
1804 1215 2054 1279 opiniones
2084 1230 2114 1262 a
2133 1214 2458 1281 cupidinibus,
2480 1215 2595 1263 itan
2616 1229 2647 1264 a
2669 1230 2757 1262 vo-

536 1305 821 1370 luptatibus,
840 1302 1067 1352 rationem
1092 1315 1122 1348 a
1143 1297 1387 1348 doloribus
1420 1295 1691 1346 dissentire.
1753 1295 1887 1346 Tun.
1921 1296 1988 1344 Et
2010 1297 2208 1345 maxime
2236 1296 2449 1361 quidem.
2515 1294 2621 1346 Ho.
2653 1295 2756 1346 Vc-

537 1392 802 1435 rumtamen
822 1389 998 1433 cuncta
1018 1382 1123 1430 hec
1145 1387 1316 1428 natura
1335 1384 1546 1441 cognata
1578 1385 1708 1425 snut.
1770 1375 1904 1425 Tun.
1939 1375 2100 1427 Patet.
2166 1376 2264 1427 Ho.
2295 1375 2589 1425 Seditionem
2612 1375 2758 1440 igitur

539 1482 599 1517 ac
621 1467 832 1516 morbum
855 1463 1026 1516 animae
1050 1462 1328 1526 pravitatem
1352 1473 1518 1508 vocare
1534 1457 1693 1508 decet.
1753 1455 1889 1506 Tne.
1923 1456 2099 1509 Recte.
2160 1455 2264 1506 Ho-
2293 1456 2344 1505 Si
2365 1472 2463 1520 qua
2477 1455 2759 1514 viderimus,

537 1563 650 1612 qum
672 1554 801 1597 certo
822 1545 1027 1611 quodam
1053 1542 1149 1591 fine
1171 1540 1438 1606 proposito,
1458 1539 1573 1588 dum
1591 1537 1652 1586 ad
1676 1535 1794 1586 illud
1819 1537 2063 1601 pervenire
2078 1537 2308 1594 nituntur,
2328 1537 2528 1602 singulis
2542 1537 2596 1585 in
2613 1537 2761 1590 moti·

540 1627 634 1677 bus
657 1626 1022 1692 pravaricentur
1043 1630 1189 1687 atque
1211 1622 1443 1682 aberrent,
1465 1627 1620 1667 utrum
1643 1618 1956 1666 consonantia
1977 1619 2182 1682 quadam
2214 1626 2379 1667 mutua
2399 1615 2759 1667 convenientia·

541 1723 640 1771 que
660 1704 922 1762 communi.
937 1719 999 1753 an
1020 1701 1265 1753 contrariis
1285 1698 1438 1749 causis
1454 1714 1605 1748 errare
1628 1697 1876 1747 dicemus?
1943 1697 2080 1747 Tua.
2110 1698 2332 1757 Constat,
2352 1698 2485 1762 quod
2507 1698 2758 1746 dissonan-

541 1784 610 1833 tia
633 1792 777 1848 atque
801 1783 1096 1847 intemperie.
1160 1780 1264 1829 Ho.
1299 1778 1450 1844 Atqui
1473 1779 1665 1836 seimus,
1686 1777 1867 1826 nullum
1890 1778 2098 1826 animum
2125 1787 2295 1843 sponte
2317 1778 2499 1843 aliquid
2521 1777 2757 1841 ignorare.

539 1863 675 1914 Tne.
709 1863 880 1914 Plane.
943 1862 1047 1912 Ho.
1082 1860 1359 1926 Ignorantia
1378 1859 1573 1924 quidem
1596 1866 1670 1906 est
1691 1858 1929 1908 dementia
1951 1860 2169 1923 quiedam
2200 1858 2391 1922 animm,
2408 1875 2517 1922 qum
2538 1860 2654 1908 dum
2686 1857 2751 1906 ad

541 1943 788 1992 veritatem
825 1942 1012 2001 nititur,
1049 1941 1365 2007 intelligentia
1399 1940 1504 2003 ipsa
1525 1939 1871 2004 praevaricatur.
1930 1937 2065 1990 Tne.
2100 1939 2328 1990 Omnino.
2391 1939 2494 1990 110.
2528 1939 2757 1988 Animam

539 2024 689 2089 igitur
712 2024 1025 2088 ignorantem,
1049 2022 1382 2072 inconcinnam
1407 2029 1552 2085 atque
1573 2020 1831 2069 deformem
1856 2036 2023 2070 vocare
2045 2021 2203 2071 docet.
2232 2021 2368 2072 Τιιι.
2397 2020 2619 2071 Videtur.
2650 2018 2758 2070 Ho-

544 2105 672 2153 Sunt
693 2119 805 2168 ergo
826 2105 925 2153 duo
946 2104 1052 2154 hee
1074 2102 1303 2151 malorum
1328 2101 1379 2150 in
1400 2100 1558 2149 anima
1578 2115 1768 2164 genera.
1803 2115 1949 2150 unum
1971 2101 2285 2151 communiter
2304 2100 2583 2166 improbitas
2601 2099 2759 2148 nomi·

544 2192 721 2247 natur-3
753 2185 840 2250 qui
860 2184 1032 2236 animm
1053 2182 1217 2250 procul
1240 2181 1387 2231 dubio
1425 2181 1617 2231 morbus
1648 2188 1739 2230 est.
1801 2181 1933 2231 Tne.
1966 2182 2045 2231 Ita
2081 2189 2170 2233 est.
2236 2180 2341 2231 110.
2369 2181 2586 2230 Alterum
2615 2180 2758 2244 igno-

541 2265 743 2316 rantiam
780 2266 982 2331 quidem·
1010 2270 1306 2329 nuncupent,
1332 2262 1609 2328 pravitatem
1647 2277 1758 2311 vero
1795 2263 1968 2312 animm
2005 2264 2130 2313 banc
2164 2278 2267 2312 esse
2308 2262 2522 2313 confiteri
2562 2261 2761 2312 nolunt.

547 2345 687 2397 Tne.
720 2346 930 2396 Omnino
952 2345 1313 2400 concedendum
1336 2350 1428 2402 est,
1449 2342 1512 2393 de
1533 2357 1630 2407 quo
1651 2343 1795 2391 modo
1810 2341 2000 2393 dicente
2021 2359 2097 2393 me
2112 2341 2400 2407 ambigebas,
2418 2341 2516 2391 duo
2530 2340 2582 2388 in
2595 2340 2756 2390 anima

548 2442 724 2492 genera
745 2426 990 2493 pravitatis
1009 2427 1207 2477 existere
1230 2442 1246 2473 ι
1276 2432 1328 2475 et
1349 2423 1651 2473 timiditatem
1671 2422 1866 2488 quidem
1881 2422 2385 2489 intemperantiamque
2398 2428 2449 2471 et
2468 2419 2755 2486 injustitiam

548 2516 800 2574 ceteraque
820 2508 1094 2573 hujusmodi
1114 2514 1289 2556 cuncta
1311 2505 1523 2555 morbum
1546 2503 1807 2554 existimare
1830 2504 2090 2555 debemus:
2114 2505 2359 2571 plurimam
2374 2519 2485 2553 vero
2505 2509 2559 2552 et
2578 2501 2755 2551 variam

552 2587 867 2651 ignorantiam
891 2587 1250 2651 turpitudinem.
1311 2584 1416 2635 Ηο.
1448 2585 1528 2633 An
1561 2599 1659 2633 non
1680 2585 1806 2634 circa
1842 2601 2014 2650 corpus
2036 2587 2195 2651 quoad
2225 2587 2329 2634 hnc
2359 2585 2458 2635 dno
2487 2583 2616 2632 mala
2643 2585 2757 2633 dm·

547 2681 742 2731 quoque
776 2674 900 2715 artes
936 2666 1264 2731 reperiuntur?
1328 2665 1464 2713 Tne.
1498 2665 1769 2735 Quanam?
1834 2665 1940 2715 Ηο.
1973 2665 2213 2717 Adversus
2246 2665 2594 2715 deformitatem
2616 2680 2758 2730 um-

549 2745 752 2805 nastica,
785 2746 1008 2796 adversus
1043 2746 1254 2795 morbum
1288 2744 1538 2794 medicine
1581 2745 1767 2808 peritia.
1802 2745 1951 2812 [229]
1984 2747 2119 2797 Tne.
2151 2745 2386 2812 Apparet.
2440 2743 2546 2797 Ho.
2578 2743 2759 2793 Nonae

549 2827 773 2876 adversus
808 2827 1137 2891 petulantiam,
1157 2824 1461 2890 injustitiam,
1493 2823 1813 2884 timiditatem,
1836 2843 1894 2876 ex
1934 2828 2063 2877 omni
2086 2842 2255 2892 genere
2277 2826 2443 2874 artium
2465 2824 2757 2874 conveniens

546 2907 750 2958 maxime
781 2908 1029 2973 castigatio
1050 2915 1108 2957 et·
1132 2903 1472 2956 animadversio
1505 2911 1581 2953 est
1608 2902 1852 2968 judicialis
1885 2909 2116 2958 censura?
2182 2907 2316 2957 Tun.
2347 2906 2460 2955 Hoc
2481 2905 2667 2970 utique,
2701 2912 2759 2952 ut

547 2989 943 3055 humana-opinio
967 2987 1177 3055 porrigit.
1200 2997 1591 3041 consentaneum.
1655 2988 1755 3038 Ho.
1786 2988 1884 3037 Sed
1907 2988 2128 3038 adversus
2141 2988 2453 3053 ignorantiam
2468 2985 2763 3043 universam,

546 3072 669 3136 quid
686 3071 817 3121 aliud
841 3078 1010 3137 preter
1029 3069 1291 3120 doctrinam
1314 3071 1572 3120 remedium
1596 3070 1866 3120 invenitur?
1912 3068 2045 3121 Tne.
2077 3069 2293 3118 Nullum.
2339 3067 2441 3119 Ho.
2476 3066 2761 3117 Doctrina-n

545 3166 660 3207 vero
695 3159 852 3201 utrum
885 3166 1030 3201 unam
1067 3153 1300 3200 duntaxat
1331 3166 1388 3199 ac
1421 3151 1704 3217 simplicem,
1726 3166 1788 3200 an
1811 3150 1948 3216 plura
1989 3166 2164 3214 genera
2194 3149 2320 3199 illius
2340 3164 2444 3198 csse
2465 3146 2755 3198 dicendum?

546 3231 703 3281 Immo
725 3232 824 3280 duo
845 3246 1020 3295 genera
1041 3231 1146 3295 ejus
1166 3231 1234 3280 sic
1256 3232 1594 3284 animadverte.
1661 3231 1795 3281 Tma-
1827 3230 2169 3280 Animadverto
2201 3230 2442 3294 equidem.
2506 3226 2611 3279 Ho.
2645 3226 2755 3276 Hac

546 3310 627 3359 via
657 3324 798 3374 quam
822 3310 1021 3374 primum
1044 3309 1097 3358 id
1135 3310 1374 3359 inventuri
1411 3311 1526 3361 mihi
1567 3312 1796 3362 videmur.
1860 3311 1988 3360 Tun.
2023 3311 2167 3369 Qua?
2230 3309 2335 3361 Ho.
2368 3310 2420 3358 Si
2441 3307 2757 3374 ignorantiam

550 3389 788 3452 geminam
809 3404 914 3439 esse
936 3389 1302 3441 consideremus.
1334 3406 1393 3439 ea
1413 3392 1451 3438 si
1475 3392 1667 3455 quidem
1683 3393 1860 3458 duplex
1874 3391 2117 3456 duplicem
2131 3391 2335 3441 docendi
2347 3390 2579 3438 rationem
2592 3386 2763 3454 exigit,

550 3476 608 3516 ut
630 3467 818 3532 singula
837 3469 1035 3533 singulis
1054 3468 1235 3518 alterne
1257 3469 1530 3518 reddantur.
1586 3471 1662 3519 ΤΒ
1672 3488 1718 3522 a.
1752 3472 1803 3520 N
1808 3472 1989 3537 unquid
2004 3470 2107 3535 jam
2129 3471 2221 3520 tibi
2252 3478 2438 3521 constat
2458 3469 2590 3534 quod
2622 3484 2755 3518 nunc

552 3548 814 3615 quaritur?
880 3549 984 3600 Ηο.
1017 3550 1249 3614 Magnam
1271 3550 1511 3613 quandam
1538 3557 1590 3599 et
1607 3567 1853 3601 onerosam
1873 3552 2153 3616 ignorantia
2185 3559 2368 3615 partem
2389 3551 2549 3617 video,
2568 3551 2758 3600 cunctis

546 3630 652 3679 aliis
690 3628 795 3694 ejus
832 3629 1042 3693 partibus
1080 3631 1539 3693 praeponderantem.
1605 3631 1738 3683 Tria.
1774 3634 1966 3692 Quam?
2031 3632 2136 3683 Ho.
2168 3632 2329 3691 Hanc,
2364 3648 2475 3683 cum
2506 3631 2616 3697 quis
2648 3632 2757 3688 illa.

549 3725 658 3774 qum
679 3708 850 3773 nescit,
871 3708 987 3758 scire
1010 3724 1061 3757 se
1083 3716 1236 3772 putat.
1268 3711 1331 3767 ab
1351 3711 1442 3760 hac
1465 3711 1681 3760 nimirum
1705 3729 1867 3763 omnes
1881 3730 2179 3779 quecunque
2195 3730 2282 3762 nos
2296 3708 2468 3762 falld'nt
2483 3712 2757 3776 opiniones,

547 3791 929 3856 proficiscuntur.
961 3788 1094 3838 Tne.
1126 3789 1205 3838 lta
1223 3799 1314 3842 est.
1344 3789 1450 3840 Ηο.
1482 3791 1645 3858 Atque
1666 3794 1778 3843 huic
1800 3794 1889 3844 soli
1908 3794 2184 3859 ignorantie
2214 3795 2339 3860 parti
2356 3793 2562 3844 inscitias
2581 3807 2759 3841 nornen

546 3870 800 3922 convenire
838 3869 1073 3920 existimo.
1136 3870 1268 3921 Tus·
1301 3870 1513 3922 Prorsus.
1577 3873 1679 3925 Ηο.
1712 3873 1958 3925 Doctrina
1997 3876 2161 3940 itaque
2198 3882 2401 3939 partem,
2436 3889 2535 3938 qua
2568 3873 2630 3922 ab
2661 3875 2757 3922 bac

546 3950 815 4014 ignorantia
833 3951 1098 4011 liberamur,
1117 3955 1358 4018 quomodo
1380 3955 1714 4020 appellandam
1737 3957 1937 4006 censes?
2000 3957 2079 4006 ΤΒ
2088 3973 2135 4005 ι.
2166 3956 2300 4005 Reor
2319 3955 2542 4019 equidem
2571 3962 2759 4020 partem

555 4030 698 4081 aliam
722 4030 963 4082 doctrinas
983 4034 1150 4082 artium
1167 4034 1417 4093 nominari,
1449 4036 1575 4086 hanc
1589 4052 1698 4086 vero
1714 4037 2033 4102 disciplinam.
2066 4031 2169 4086 Ho.
2198 4035 2282 4086 Sic
2297 4037 2443 4085 ferme
2458 4035 2582 4086 inter
2594 4050 2764 4084 omnes

549 4110 744 4162 Graecos
763 4120 976 4162 vocatur.
1041 4112 1197 4163 Nobis
1234 4124 1390 4165 autem
1426 4119 1519 4166 hoc
1556 4124 1783 4182 proterea
1816 4118 2230 4173 considerandum,
2265 4124 2420 4166 utrum
2452 4116 2759 4167 individuum

545 4194 611 4244 sit
631 4209 793 4254 omne,
810 4208 871 4243 an
894 4192 1173 4243 divisionem
1195 4195 1400 4261 aliquam
1418 4198 1593 4247 habeat
1605 4199 1889 4262 cognomine
1905 4199 2136 4263 dignam?
2170 4198 2309 4247 Tus.
2343 4196 2761 4247 Considerandum

545 4275 777 4338 profecto.
845 4274 950 4324 Ho.
979 4273 1182 4323 Videtur
1201 4276 1361 4341 itaque
1395 4278 1511 4326 mihi
1534 4286 1583 4327 et
1614 4280 1706 4328 hoc
1739 4278 2018 4327 divisionem
2056 4277 2312 4343 suscipere.
2376 4276 2513 4327 Tun.
2548 4277 2760 4336 Quam»

547 4354 715 4405 tione?
779 4355 881 4407 110.
916 4355 1034 4421 Ejus
1067 4356 1232 4419 utique
1265 4356 1521 4417 facultatis,
1554 4375 1662 4423 quar
1694 4375 1905 4408 sermone
1937 4361 2103 4422 docet,
2144 4375 2251 4424 pars
2282 4357 2507 4423 quodam
2525 4357 2760 4423 asperior,

546 4436 764 4495 quedam
787 4436 945 4487 levior
963 4452 1066 4488 esse
1086 4436 1291 4491 videtur.
1354 4438 1489 4491 Tnt.
1524 4439 1728 4498 Qualem
1751 4447 2000 4506 utramque
2019 4439 2259 4493 dicimus?
2322 4437 2424 4488 Ηο.
2460 4437 2623 4489 Unam
2646 4436 2759 4505 qui·
