<?xml version="1.0" encoding="UTF-8"?>
<!DOCTYPE html PUBLIC "-//W3C//DTD XHTML 1.0 Transitional//EN"
    "http://www.w3.org/TR/xhtml1/DTD/xhtml1-transitional.dtd">
<html xmlns="http://www.w3.org/1999/xhtml" xml:lang="en" lang="en">
 <head>
  <title>
</title>
<meta http-equiv="Content-Type" content="text/html;charset=utf-8" />
  <meta name='ocr-system' content='tesseract 3.04.00' />
  <meta name='ocr-capabilities' content='ocr_page ocr_carea ocr_par ocr_line ocrx_word'/>
</head>
<body>
  <div class='ocr_page' id='page_1' title='image "./platonisetquaev05unkngoog_0247.png"; bbox 0 0 2917 4975; ppageno 0'>
   <div class='ocr_carea' id='block_1_1' title="bbox 206 456 2408 541">
    <p class='ocr_par' dir='ltr' id='par_1_1' title="bbox 206 456 2408 541">
     <span class='ocr_line' id='line_1_1' title="bbox 206 456 2408 541; baseline 0 -24"><span class='ocrx_word' id='word_1_1' title='bbox 206 456 358 533; x_wconf 72' lang='lat'>517]</span> <span class='ocrx_word' id='word_1_2' title='bbox 1114 458 1501 518; x_wconf 72' lang='lat' dir='ltr'><strong>GORGIAS.</strong></span> <span class='ocrx_word' id='word_1_3' title='bbox 2289 462 2408 541; x_wconf 70' lang='lat'>,²2⁵</span> 
     </span>
    </p>
   </div>
   <div class='ocr_carea' id='block_1_2' title="bbox 208 610 2400 676">
    <p class='ocr_par' dir='ltr' id='par_1_2' title="bbox 208 610 2400 676">
     <span class='ocr_line' id='line_1_2' title="bbox 208 610 2400 676; baseline 0 -14"><span class='ocrx_word' id='word_1_4' title='bbox 208 614 317 662; x_wconf 63' lang='lat' dir='ltr'>ime</span> <span class='ocrx_word' id='word_1_5' title='bbox 337 613 402 661; x_wconf 83' lang='grc'>00</span> <span class='ocrx_word' id='word_1_6' title='bbox 420 611 649 661; x_wconf 71' lang='lat' dir='ltr'>feritatem</span> <span class='ocrx_word' id='word_1_7' title='bbox 668 611 873 661; x_wconf 64' lang='lat' dir='ltr'>labeant</span> <span class='ocrx_word' id='word_1_8' title='bbox 895 611 1024 661; x_wconf 83' lang='lat' dir='ltr'>vitia.</span> <span class='ocrx_word' id='word_1_9' title='bbox 1058 627 1119 662; x_wconf 89' lang='grc'>011</span> <span class='ocrx_word' id='word_1_10' title='bbox 1136 626 1237 662; x_wconf 83' lang='lat' dir='ltr'>non</span> <span class='ocrx_word' id='word_1_11' title='bbox 1268 611 1358 662; x_wconf 76' lang='lat' dir='ltr'>tibi</span> <span class='ocrx_word' id='word_1_12' title='bbox 1380 612 1567 662; x_wconf 80' lang='lat' dir='ltr'>videtur</span> <span class='ocrx_word' id='word_1_13' title='bbox 1598 611 1677 660; x_wconf 84' lang='lat' dir='ltr'>ille</span> <span class='ocrx_word' id='word_1_14' title='bbox 1707 610 1970 676; x_wconf 75' lang='lat' dir='ltr'>cujuslibet</span> <span class='ocrx_word' id='word_1_15' title='bbox 2008 610 2230 661; x_wconf 80' lang='lat' dir='ltr'>animalis</span> <span class='ocrx_word' id='word_1_16' title='bbox 2251 612 2400 662; x_wconf 76' lang='lat' dir='ltr'>malus</span> 
     </span>
    </p>
   </div>
   <div class='ocr_carea' id='block_1_3' title="bbox 202 692 2516 758">
    <p class='ocr_par' dir='ltr' id='par_1_3' title="bbox 202 692 2516 758">
     <span class='ocr_line' id='line_1_3' title="bbox 202 692 2516 758; baseline -0.003 -13"><span class='ocrx_word' id='word_1_17' title='bbox 202 704 313 745; x_wconf 68' lang='lat' dir='ltr'>&#39;sse</span> <span class='ocrx_word' id='word_1_18' title='bbox 333 701 532 748; x_wconf 86' lang='lat' dir='ltr'>curator,</span> <span class='ocrx_word' id='word_1_19' title='bbox 553 693 635 758; x_wconf 87' lang='lat' dir='ltr'>qui</span> <span class='ocrx_word' id='word_1_20' title='bbox 654 708 764 742; x_wconf 82' lang='lat' dir='ltr'>eum</span> <span class='ocrx_word' id='word_1_21' title='bbox 789 694 1026 756; x_wconf 81' lang='lat' dir='ltr'>acceperit</span> <span class='ocrx_word' id='word_1_22' title='bbox 1058 704 1368 750; x_wconf 81' lang='lat' dir='ltr'>mansuetum,</span> <span class='ocrx_word' id='word_1_23' title='bbox 1389 694 1542 757; x_wconf 78' lang='lat' dir='ltr'>magis</span> <span class='ocrx_word' id='word_1_24' title='bbox 1559 693 1708 741; x_wconf 74' lang='lat' dir='ltr'>{eram</span> <span class='ocrx_word' id='word_1_25' title='bbox 1730 693 1986 743; x_wconf 71' lang='lat' dir='ltr'>reddiderit</span> <span class='ocrx_word' id='word_1_26' title='bbox 2005 708 2150 757; x_wconf 86' lang='lat' dir='ltr'>quam</span> <span class='ocrx_word' id='word_1_27' title='bbox 2171 692 2396 756; x_wconf 68' lang='lat' dir='ltr'>acecpit?</span> <span class='ocrx_word' id='word_1_28' title='bbox 2503 700 2516 707; x_wconf 70' lang='grc'><em>’</em></span> 
     </span>
    </p>
   </div>
   <div class='ocr_carea' id='block_1_4' title="bbox 180 770 2432 4452">
    <p class='ocr_par' dir='ltr' id='par_1_4' title="bbox 180 770 2432 4452">
     <span class='ocr_line' id='line_1_4' title="bbox 207 770 2400 839; baseline -0 -18"><span class='ocrx_word' id='word_1_29' title='bbox 207 770 408 821; x_wconf 77' lang='lat' dir='ltr'>Videtur</span> <span class='ocrx_word' id='word_1_30' title='bbox 438 775 545 831; x_wconf 85' lang='lat' dir='ltr'>tibi,</span> <span class='ocrx_word' id='word_1_31' title='bbox 580 775 767 824; x_wconf 74' lang='lat' dir='ltr'>necue?</span> <span class='ocrx_word' id='word_1_32' title='bbox 834 773 965 823; x_wconf 67' lang='lat' dir='ltr'>Car..</span> <span class='ocrx_word' id='word_1_33' title='bbox 1002 776 1233 824; x_wconf 83' lang='lat' dir='ltr'>Concedo</span> <span class='ocrx_word' id='word_1_34' title='bbox 1267 775 1509 838; x_wconf 79' lang='lat' dir='ltr'>equidem,</span> <span class='ocrx_word' id='word_1_35' title='bbox 1533 782 1586 821; x_wconf 82' lang='lat' dir='ltr'>ut</span> <span class='ocrx_word' id='word_1_36' title='bbox 1618 775 1700 825; x_wconf 83' lang='lat' dir='ltr'>tibi</span> <span class='ocrx_word' id='word_1_37' title='bbox 1739 781 1920 839; x_wconf 81' lang='lat' dir='ltr'>gratum</span> <span class='ocrx_word' id='word_1_38' title='bbox 1956 774 2146 822; x_wconf 78' lang='lat' dir='ltr'>faciam.</span> <span class='ocrx_word' id='word_1_39' title='bbox 2215 772 2304 822; x_wconf 86' lang='lat' dir='ltr'>So.</span> <span class='ocrx_word' id='word_1_40' title='bbox 2336 772 2400 820; x_wconf 87' lang='lat' dir='ltr'>In</span> 
     </span>
     <span class='ocr_line' id='line_1_5' title="bbox 200 852 2394 919; baseline 0.001 -18"><span class='ocrx_word' id='word_1_41' title='bbox 200 852 295 901; x_wconf 76' lang='grc'>000</span> <span class='ocrx_word' id='word_1_42' title='bbox 313 861 541 915; x_wconf 67' lang='lat' dir='ltr'>preterea</span> <span class='ocrx_word' id='word_1_43' title='bbox 562 854 820 917; x_wconf 77' lang='lat' dir='ltr'>gratificare</span> <span class='ocrx_word' id='word_1_44' title='bbox 835 854 968 911; x_wconf 85' lang='lat' dir='ltr'>mihi,</span> <span class='ocrx_word' id='word_1_45' title='bbox 990 855 1291 919; x_wconf 83' lang='lat' dir='ltr'>respondens,</span> <span class='ocrx_word' id='word_1_46' title='bbox 1316 863 1473 903; x_wconf 82' lang='lat' dir='ltr'>utrum</span> <span class='ocrx_word' id='word_1_47' title='bbox 1496 855 1635 902; x_wconf 86' lang='lat' dir='ltr'>homo</span> <span class='ocrx_word' id='word_1_48' title='bbox 1659 869 1804 902; x_wconf 83' lang='grc'><strong>011010</strong></span> <span class='ocrx_word' id='word_1_49' title='bbox 1826 854 1888 901; x_wconf 85' lang='lat' dir='ltr'>sit</span> <span class='ocrx_word' id='word_1_50' title='bbox 1907 854 2202 910; x_wconf 80' lang='lat' dir='ltr'>animalium,</span> <span class='ocrx_word' id='word_1_51' title='bbox 2223 867 2394 903; x_wconf 87' lang='grc'><strong>00000.</strong></span> 
     </span>
     <span class='ocr_line' id='line_1_6' title="bbox 200 931 2395 999; baseline 0.001 -18"><span class='ocrx_word' id='word_1_52' title='bbox 200 931 353 983; x_wconf 47' lang='lat' dir='ltr'>cns</span> <span class='ocrx_word' id='word_1_53' title='bbox 370 934 504 992; x_wconf 88' lang='lat' dir='ltr'>Quid</span> <span class='ocrx_word' id='word_1_54' title='bbox 526 934 694 999; x_wconf 66' lang='lat' dir='ltr'>rogas?</span> <span class='ocrx_word' id='word_1_55' title='bbox 761 935 847 984; x_wconf 84' lang='lat' dir='ltr'>So.</span> <span class='ocrx_word' id='word_1_56' title='bbox 880 934 1057 999; x_wconf 69' lang='lat' dir='ltr'>Nonne</span> <span class='ocrx_word' id='word_1_57' title='bbox 1077 936 1321 984; x_wconf 82' lang='lat' dir='ltr'>hominurn</span> <span class='ocrx_word' id='word_1_58' title='bbox 1342 948 1502 983; x_wconf 82' lang='lat' dir='ltr'>curam</span> <span class='ocrx_word' id='word_1_59' title='bbox 1524 934 1731 983; x_wconf 86' lang='lat' dir='ltr'>Pericles</span> <span class='ocrx_word' id='word_1_60' title='bbox 1754 934 1992 983; x_wconf 85' lang='lat' dir='ltr'>habebat?</span> <span class='ocrx_word' id='word_1_61' title='bbox 2061 935 2192 984; x_wconf 75' lang='lat' dir='ltr'>Cu..</span> <span class='ocrx_word' id='word_1_62' title='bbox 2228 933 2395 983; x_wconf 74' lang='lat' dir='ltr'>Habe·</span> 
     </span>
     <span class='ocr_line' id='line_1_7' title="bbox 202 1010 2397 1079; baseline 0.001 -20"><span class='ocrx_word' id='word_1_63' title='bbox 202 1010 300 1062; x_wconf 69' lang='lat' dir='ltr'>bnt.</span> <span class='ocrx_word' id='word_1_64' title='bbox 366 1012 453 1062; x_wconf 84' lang='lat' dir='ltr'>So.</span> <span class='ocrx_word' id='word_1_65' title='bbox 486 1012 618 1071; x_wconf 84' lang='lat' dir='ltr'>Quid</span> <span class='ocrx_word' id='word_1_66' title='bbox 640 1015 791 1078; x_wconf 77' lang='lat' dir='ltr'>ergo?</span> <span class='ocrx_word' id='word_1_67' title='bbox 824 1029 884 1063; x_wconf 87' lang='lat' dir='ltr'>aa</span> <span class='ocrx_word' id='word_1_68' title='bbox 906 1029 1002 1063; x_wconf 84' lang='lat' dir='ltr'>non</span> <span class='ocrx_word' id='word_1_69' title='bbox 1025 1016 1274 1078; x_wconf 77' lang='lat' dir='ltr'>oportebat</span> <span class='ocrx_word' id='word_1_70' title='bbox 1295 1015 1442 1078; x_wconf 83' lang='lat' dir='ltr'>ipsos,</span> <span class='ocrx_word' id='word_1_71' title='bbox 1465 1015 1865 1079; x_wconf 84' lang='lat' dir='ltr'>quemadmodum</span> <span class='ocrx_word' id='word_1_72' title='bbox 1888 1014 2031 1062; x_wconf 90' lang='lat' dir='ltr'>modo</span> <span class='ocrx_word' id='word_1_73' title='bbox 2052 1013 2397 1070; x_wconf 83' lang='lat' dir='ltr'>consensimus,</span> 
     </span>
     <span class='ocr_line' id='line_1_8' title="bbox 199 1088 2402 1158; baseline 0 -18"><span class='ocrx_word' id='word_1_74' title='bbox 199 1088 421 1153; x_wconf 77' lang='lat' dir='ltr'>justiores</span> <span class='ocrx_word' id='word_1_75' title='bbox 442 1108 502 1141; x_wconf 79' lang='lat' dir='ltr'>ex</span> <span class='ocrx_word' id='word_1_76' title='bbox 523 1092 845 1158; x_wconf 79' lang='lat' dir='ltr'>injustioribus</span> <span class='ocrx_word' id='word_1_77' title='bbox 874 1098 935 1144; x_wconf 87' lang='lat' dir='ltr'>ab</span> <span class='ocrx_word' id='word_1_78' title='bbox 970 1095 1054 1144; x_wconf 87' lang='lat' dir='ltr'>illo</span> <span class='ocrx_word' id='word_1_79' title='bbox 1077 1097 1221 1144; x_wconf 71' lang='lat' dir='ltr'>fuisse</span> <span class='ocrx_word' id='word_1_80' title='bbox 1261 1096 1450 1145; x_wconf 74' lang='lat' dir='ltr'>factos?</span> <span class='ocrx_word' id='word_1_81' title='bbox 1485 1095 1526 1141; x_wconf 87' lang='lat' dir='ltr'>si</span> <span class='ocrx_word' id='word_1_82' title='bbox 1557 1095 1753 1157; x_wconf 85' lang='lat' dir='ltr'>quidem</span> <span class='ocrx_word' id='word_1_83' title='bbox 1788 1094 1870 1141; x_wconf 87' lang='lat' dir='ltr'>ille</span> <span class='ocrx_word' id='word_1_84' title='bbox 1903 1094 1989 1156; x_wconf 85' lang='lat' dir='ltr'>qui</span> <span class='ocrx_word' id='word_1_85' title='bbox 2008 1095 2203 1143; x_wconf 82' lang='lat' dir='ltr'>curabat</span> <span class='ocrx_word' id='word_1_86' title='bbox 2226 1108 2325 1151; x_wconf 81' lang='lat' dir='ltr'>eos,</span> <span class='ocrx_word' id='word_1_87' title='bbox 2348 1092 2402 1141; x_wconf 88' lang='lat' dir='ltr'>in</span> 
     </span>
     <span class='ocr_line' id='line_1_9' title="bbox 200 1171 2398 1237; baseline 0 -17"><span class='ocrx_word' id='word_1_88' title='bbox 200 1171 341 1220; x_wconf 79' lang='lat' dir='ltr'>rebus</span> <span class='ocrx_word' id='word_1_89' title='bbox 358 1173 576 1222; x_wconf 77' lang='lat' dir='ltr'>civilibus</span> <span class='ocrx_word' id='word_1_90' title='bbox 609 1174 938 1237; x_wconf 80' lang='lat' dir='ltr'>peritus&#39;erat.</span> <span class='ocrx_word' id='word_1_91' title='bbox 1005 1176 1133 1226; x_wconf 81' lang='lat' dir='ltr'>Car..</span> <span class='ocrx_word' id='word_1_92' title='bbox 1166 1176 1379 1225; x_wconf 85' lang='lat' dir='ltr'>Prorsus.</span> <span class='ocrx_word' id='word_1_93' title='bbox 1444 1175 1530 1222; x_wconf 86' lang='lat' dir='ltr'>So.</span> <span class='ocrx_word' id='word_1_94' title='bbox 1562 1173 1739 1222; x_wconf 83' lang='lat' dir='ltr'>Nonne</span> <span class='ocrx_word' id='word_1_95' title='bbox 1769 1173 1888 1236; x_wconf 83' lang='lat' dir='ltr'>justi</span> <span class='ocrx_word' id='word_1_96' title='bbox 1919 1174 2152 1223; x_wconf 80' lang='lat' dir='ltr'>mansueti</span> <span class='ocrx_word' id='word_1_97' title='bbox 2188 1180 2316 1229; x_wconf 80' lang='lat' dir='ltr'>sunt,</span> <span class='ocrx_word' id='word_1_98' title='bbox 2343 1179 2398 1221; x_wconf 85' lang='lat' dir='ltr'>ut</span> 
     </span>
     <span class='ocr_line' id='line_1_10' title="bbox 198 1250 2401 1319; baseline 0.001 -22"><span class='ocrx_word' id='word_1_99' title='bbox 198 1250 268 1298; x_wconf 82' lang='lat' dir='ltr'>ait</span> <span class='ocrx_word' id='word_1_100' title='bbox 286 1250 559 1302; x_wconf 79' lang='lat' dir='ltr'>Homerus?</span> <span class='ocrx_word' id='word_1_101' title='bbox 591 1263 642 1302; x_wconf 84' lang='lat' dir='ltr'>ta</span> <span class='ocrx_word' id='word_1_102' title='bbox 666 1270 778 1303; x_wconf 85' lang='lat' dir='ltr'>vero</span> <span class='ocrx_word' id='word_1_103' title='bbox 811 1255 929 1319; x_wconf 89' lang='lat' dir='ltr'>quid</span> <span class='ocrx_word' id='word_1_104' title='bbox 966 1256 1072 1302; x_wconf 83' lang='lat' dir='ltr'>ais?</span> <span class='ocrx_word' id='word_1_105' title='bbox 1108 1268 1267 1303; x_wconf 84' lang='grc'><strong>001100</strong></span> <span class='ocrx_word' id='word_1_106' title='bbox 1287 1253 1538 1303; x_wconf 80' lang='lat' dir='ltr'>similiter?</span> <span class='ocrx_word' id='word_1_107' title='bbox 1604 1253 1735 1302; x_wconf 76' lang='lat' dir='ltr'><strong>Cn..</strong></span> <span class='ocrx_word' id='word_1_108' title='bbox 1768 1253 1883 1300; x_wconf 81' lang='lat' dir='ltr'>Aio.</span> <span class='ocrx_word' id='word_1_109' title='bbox 1944 1252 2031 1301; x_wconf 88' lang='lat' dir='ltr'>So.</span> <span class='ocrx_word' id='word_1_110' title='bbox 2063 1253 2401 1300; x_wconf 70' lang='lat' dir='ltr'>Verumtamen</span> 
     </span>
     <span class='ocr_line' id='line_1_11' title="bbox 198 1328 2398 1398; baseline -0 -19"><span class='ocrx_word' id='word_1_111' title='bbox 198 1328 321 1379; x_wconf 69' lang='lat' dir='ltr'>feros</span> <span class='ocrx_word' id='word_1_112' title='bbox 341 1333 493 1397; x_wconf 74' lang='lat' dir='ltr'>magis</span> <span class='ocrx_word' id='word_1_113' title='bbox 512 1332 645 1397; x_wconf 83' lang='lat' dir='ltr'>ipsos</span> <span class='ocrx_word' id='word_1_114' title='bbox 666 1334 875 1387; x_wconf 76' lang='lat' dir='ltr'>reddidit</span> <span class='ocrx_word' id='word_1_115' title='bbox 890 1349 1032 1398; x_wconf 88' lang='lat' dir='ltr'>quam</span> <span class='ocrx_word' id='word_1_116' title='bbox 1053 1342 1301 1397; x_wconf 82' lang='lat' dir='ltr'>acceperat</span> <span class='ocrx_word' id='word_1_117' title='bbox 1317 1352 1331 1381; x_wconf 72' lang='grc' dir='ltr'>ι</span> <span class='ocrx_word' id='word_1_118' title='bbox 1364 1335 1512 1396; x_wconf 85' lang='lat' dir='ltr'>idque</span> <span class='ocrx_word' id='word_1_119' title='bbox 1528 1334 1753 1382; x_wconf 79' lang='lat' dir='ltr'>adversus</span> <span class='ocrx_word' id='word_1_120' title='bbox 1767 1332 2019 1394; x_wconf 75' lang='lat' dir='ltr'>seipsum3</span> <span class='ocrx_word' id='word_1_121' title='bbox 2055 1333 2184 1394; x_wconf 85' lang='lat' dir='ltr'>quod</span> <span class='ocrx_word' id='word_1_122' title='bbox 2201 1331 2398 1395; x_wconf 76' lang='lat' dir='ltr'>quidem</span> 
     </span>
     <span class='ocr_line' id='line_1_12' title="bbox 194 1409 2402 1472; baseline 0 -13"><span class='ocrx_word' id='word_1_123' title='bbox 194 1409 392 1467; x_wconf 77' lang='lat' dir='ltr'>minime</span> <span class='ocrx_word' id='word_1_124' title='bbox 427 1412 671 1469; x_wconf 71' lang='lat' dir='ltr'>voluisset.</span> <span class='ocrx_word' id='word_1_125' title='bbox 738 1414 868 1464; x_wconf 68' lang='grc'><strong>(301..</strong></span> <span class='ocrx_word' id='word_1_126' title='bbox 924 1414 1073 1463; x_wconf 83' lang='lat' dir='ltr'>Visne</span> <span class='ocrx_word' id='word_1_127' title='bbox 1110 1414 1201 1462; x_wconf 86' lang='lat' dir='ltr'>tibi</span> <span class='ocrx_word' id='word_1_128' title='bbox 1233 1414 1492 1462; x_wconf 79' lang='lat' dir='ltr'>assentiar?</span> <span class='ocrx_word' id='word_1_129' title='bbox 1558 1413 1643 1461; x_wconf 86' lang='grc'>80.</span> <span class='ocrx_word' id='word_1_130' title='bbox 1692 1412 1745 1459; x_wconf 85' lang='lat' dir='ltr'>Si</span> <span class='ocrx_word' id='word_1_131' title='bbox 1785 1410 1946 1458; x_wconf 79' lang='lat' dir='ltr'>videor</span> <span class='ocrx_word' id='word_1_132' title='bbox 1981 1411 2069 1457; x_wconf 83' lang='lat' dir='ltr'>tibi</span> <span class='ocrx_word' id='word_1_133' title='bbox 2103 1424 2210 1458; x_wconf 78' lang='lat' dir='ltr'>vera</span> <span class='ocrx_word' id='word_1_134' title='bbox 2248 1410 2402 1472; x_wconf 82' lang='lat' dir='ltr'>loqui.</span> 
     </span>
     <span class='ocr_line' id='line_1_13' title="bbox 186 1488 2402 1555; baseline -0.001 -16"><span class='ocrx_word' id='word_1_135' title='bbox 186 1488 328 1539; x_wconf 64' lang='lat' dir='ltr'>Cat..</span> <span class='ocrx_word' id='word_1_136' title='bbox 362 1490 475 1547; x_wconf 79' lang='lat' dir='ltr'>¹Sint</span> <span class='ocrx_word' id='word_1_137' title='bbox 510 1492 618 1540; x_wconf 85' lang='lat' dir='ltr'>ista.</span> <span class='ocrx_word' id='word_1_138' title='bbox 681 1493 767 1541; x_wconf 83' lang='lat' dir='ltr'>So.</span> <span class='ocrx_word' id='word_1_139' title='bbox 803 1493 1011 1541; x_wconf 77' lang='lat' dir='ltr'>Proinde</span> <span class='ocrx_word' id='word_1_140' title='bbox 1042 1492 1083 1539; x_wconf 86' lang='lat' dir='ltr'>si</span> <span class='ocrx_word' id='word_1_141' title='bbox 1119 1492 1269 1555; x_wconf 78' lang='lat' dir='ltr'>magis</span> <span class='ocrx_word' id='word_1_142' title='bbox 1304 1491 1444 1547; x_wconf 75' lang='lat' dir='ltr'>feros,</span> <span class='ocrx_word' id='word_1_143' title='bbox 1484 1506 1596 1554; x_wconf 80' lang='lat' dir='ltr'>ergo</span> <span class='ocrx_word' id='word_1_144' title='bbox 1640 1490 1913 1553; x_wconf 67' lang='lat' dir='ltr'>injustiores</span> <span class='ocrx_word' id='word_1_145' title='bbox 1945 1497 2087 1553; x_wconf 79' lang='lat' dir='ltr'>atque</span> <span class='ocrx_word' id='word_1_146' title='bbox 2125 1489 2402 1537; x_wconf 83' lang='lat' dir='ltr'>deteriores.</span> 
     </span>
     <span class='ocr_line' id='line_1_14' title="bbox 190 1568 2403 1634; baseline 0 -16"><span class='ocrx_word' id='word_1_147' title='bbox 190 1568 331 1619; x_wconf 69' lang='lat' dir='ltr'>Car..</span> <span class='ocrx_word' id='word_1_148' title='bbox 367 1571 506 1621; x_wconf 75' lang='lat' dir='ltr'>Esto.</span> <span class='ocrx_word' id='word_1_149' title='bbox 570 1572 658 1623; x_wconf 81' lang='grc'>80.</span> <span class='ocrx_word' id='word_1_150' title='bbox 689 1573 1005 1629; x_wconf 72' lang='lat' dir='ltr'><strong>Quamobrem</strong></span> <span class='ocrx_word' id='word_1_151' title='bbox 1044 1587 1143 1621; x_wconf 87' lang='lat' dir='ltr'>non</span> <span class='ocrx_word' id='word_1_152' title='bbox 1182 1572 1333 1621; x_wconf 85' lang='lat' dir='ltr'>bonus</span> <span class='ocrx_word' id='word_1_153' title='bbox 1366 1572 1427 1619; x_wconf 92' lang='lat' dir='ltr'>ad</span> <span class='ocrx_word' id='word_1_154' title='bbox 1466 1568 1801 1634; x_wconf 77' lang='lat' dir='ltr'>rempublicam</span> <span class='ocrx_word' id='word_1_155' title='bbox 1837 1569 2255 1624; x_wconf 75' lang='lat' dir='ltr'>administrandam</span> <span class='ocrx_word' id='word_1_156' title='bbox 2287 1568 2403 1618; x_wconf 74' lang='lat' dir='ltr'>civis</span> 
     </span>
     <span class='ocr_line' id='line_1_15' title="bbox 195 1648 2400 1714; baseline -0 -17"><span class='ocrx_word' id='word_1_157' title='bbox 195 1649 419 1698; x_wconf 82' lang='lat' dir='ltr'>Pericles</span> <span class='ocrx_word' id='word_1_158' title='bbox 450 1658 569 1713; x_wconf 83' lang='lat' dir='ltr'>erat,</span> <span class='ocrx_word' id='word_1_159' title='bbox 604 1661 661 1699; x_wconf 86' lang='lat' dir='ltr'>ut</span> <span class='ocrx_word' id='word_1_160' title='bbox 690 1651 810 1701; x_wconf 84' lang='lat' dir='ltr'>ratio</span> <span class='ocrx_word' id='word_1_161' title='bbox 846 1653 950 1700; x_wconf 70' lang='lat' dir='ltr'>boc</span> <span class='ocrx_word' id='word_1_162' title='bbox 984 1651 1205 1701; x_wconf 80' lang='lat' dir='ltr'>ostendit.</span> <span class='ocrx_word' id='word_1_163' title='bbox 1272 1651 1401 1700; x_wconf 59' lang='lat' dir='ltr'>Car..</span> <span class='ocrx_word' id='word_1_164' title='bbox 1440 1649 1570 1709; x_wconf 85' lang='lat' dir='ltr'>Non,</span> <span class='ocrx_word' id='word_1_165' title='bbox 1591 1659 1645 1698; x_wconf 88' lang='lat' dir='ltr'>ut</span> <span class='ocrx_word' id='word_1_166' title='bbox 1681 1652 1785 1714; x_wconf 84' lang='lat' dir='ltr'>ipse</span> <span class='ocrx_word' id='word_1_167' title='bbox 1821 1650 1909 1701; x_wconf 84' lang='lat' dir='ltr'>ais.</span> <span class='ocrx_word' id='word_1_168' title='bbox 1976 1651 2058 1699; x_wconf 89' lang='grc' dir='ltr'>8ο.</span> <span class='ocrx_word' id='word_1_169' title='bbox 2095 1649 2189 1698; x_wconf 89' lang='lat' dir='ltr'>Per</span> <span class='ocrx_word' id='word_1_170' title='bbox 2210 1648 2400 1708; x_wconf 69' lang='lat' dir='ltr'>Jnnm,</span> 
     </span>
     <span class='ocr_line' id='line_1_16' title="bbox 190 1729 2402 1795; baseline 0.001 -18"><span class='ocrx_word' id='word_1_171' title='bbox 190 1744 365 1793; x_wconf 76' lang='grc'><strong>00000</strong></span> <span class='ocrx_word' id='word_1_172' title='bbox 388 1737 443 1777; x_wconf 76' lang='lat' dir='ltr'>nt</span> <span class='ocrx_word' id='word_1_173' title='bbox 466 1738 519 1778; x_wconf 82' lang='lat' dir='ltr'>tu</span> <span class='ocrx_word' id='word_1_174' title='bbox 550 1731 724 1795; x_wconf 56' lang='lat' dir='ltr'>niquis,</span> <span class='ocrx_word' id='word_1_175' title='bbox 742 1747 831 1795; x_wconf 78' lang='lat' dir='ltr'>per</span> <span class='ocrx_word' id='word_1_176' title='bbox 864 1747 922 1780; x_wconf 87' lang='lat' dir='ltr'>ea</span> <span class='ocrx_word' id='word_1_177' title='bbox 951 1746 1061 1795; x_wconf 70' lang='lat' dir='ltr'>qua</span> <span class='ocrx_word' id='word_1_178' title='bbox 1090 1731 1344 1780; x_wconf 75' lang='lat' dir='ltr'>confiteris.</span> <span class='ocrx_word' id='word_1_179' title='bbox 1407 1729 1591 1779; x_wconf 82' lang='lat' dir='ltr'>Rursus</span> <span class='ocrx_word' id='word_1_180' title='bbox 1630 1738 1786 1780; x_wconf 88' lang='lat' dir='ltr'>autem</span> <span class='ocrx_word' id='word_1_181' title='bbox 1807 1731 1923 1780; x_wconf 86' lang='lat' dir='ltr'>mihi</span> <span class='ocrx_word' id='word_1_182' title='bbox 1944 1732 2006 1780; x_wconf 85' lang='lat' dir='ltr'>dc</span> <span class='ocrx_word' id='word_1_183' title='bbox 2027 1730 2229 1780; x_wconf 82' lang='lat' dir='ltr'>Cimone</span> <span class='ocrx_word' id='word_1_184' title='bbox 2249 1730 2402 1779; x_wconf 83' lang='lat' dir='ltr'>dicas.</span> 
     </span>
     <span class='ocr_line' id='line_1_17' title="bbox 192 1809 2397 1876; baseline -0 -17"><span class='ocrx_word' id='word_1_185' title='bbox 192 1823 365 1859; x_wconf 77' lang='lat' dir='ltr'>nonne</span> <span class='ocrx_word' id='word_1_186' title='bbox 385 1809 713 1874; x_wconf 77' lang='lat' dir='ltr'>relegaverunt</span> <span class='ocrx_word' id='word_1_187' title='bbox 730 1827 837 1861; x_wconf 89' lang='lat' dir='ltr'>eum</span> <span class='ocrx_word' id='word_1_188' title='bbox 858 1812 931 1860; x_wconf 85' lang='lat' dir='ltr'>illi</span> <span class='ocrx_word' id='word_1_189' title='bbox 951 1826 1071 1876; x_wconf 81' lang='lat' dir='ltr'>quos</span> <span class='ocrx_word' id='word_1_190' title='bbox 1102 1813 1209 1876; x_wconf 80' lang='lat' dir='ltr'>ipse</span> <span class='ocrx_word' id='word_1_191' title='bbox 1240 1820 1501 1869; x_wconf 60' lang='grc'><strong>0111010101,</strong></span> <span class='ocrx_word' id='word_1_192' title='bbox 1535 1819 1589 1859; x_wconf 90' lang='lat' dir='ltr'>ut</span> <span class='ocrx_word' id='word_1_193' title='bbox 1609 1827 1771 1863; x_wconf 80' lang='lat' dir='ltr'>vocem</span> <span class='ocrx_word' id='word_1_194' title='bbox 1808 1811 1914 1876; x_wconf 83' lang='lat' dir='ltr'>ejus</span> <span class='ocrx_word' id='word_1_195' title='bbox 1933 1811 2167 1861; x_wconf 86' lang='lat' dir='ltr'>decennio</span> <span class='ocrx_word' id='word_1_196' title='bbox 2189 1825 2286 1859; x_wconf 91' lang='lat' dir='ltr'>non</span> <span class='ocrx_word' id='word_1_197' title='bbox 2308 1825 2397 1858; x_wconf 87' lang='lat' dir='ltr'>au-</span> 
     </span>
     <span class='ocr_line' id='line_1_18' title="bbox 190 1882 2395 1959; baseline 0.001 -22"><span class='ocrx_word' id='word_1_198' title='bbox 190 1889 390 1938; x_wconf 83' lang='lat' dir='ltr'>dirent?</span> <span class='ocrx_word' id='word_1_199' title='bbox 458 1890 691 1941; x_wconf 76' lang='lat' dir='ltr'>Prasterea</span> <span class='ocrx_word' id='word_1_200' title='bbox 723 1894 945 1941; x_wconf 78' lang='lat' dir='ltr'>adversus</span> <span class='ocrx_word' id='word_1_201' title='bbox 979 1892 1343 1943; x_wconf 67' lang='lat' dir='ltr'>Themistoclem</span> <span class='ocrx_word' id='word_1_202' title='bbox 1374 1893 1508 1942; x_wconf 85' lang='lat' dir='ltr'>idem</span> <span class='ocrx_word' id='word_1_203' title='bbox 1548 1893 1779 1959; x_wconf 73' lang='lat' dir='ltr'>fecerunt,</span> <span class='ocrx_word' id='word_1_204' title='bbox 1815 1882 1960 1958; x_wconf 77' lang='lat' dir='ltr'>atque</span> <span class='ocrx_word' id='word_1_205' title='bbox 1991 1892 2157 1942; x_wconf 80' lang='lat' dir='ltr'>exsilio</span> <span class='ocrx_word' id='word_1_206' title='bbox 2199 1891 2395 1955; x_wconf 80' lang='lat' dir='ltr'>insuper</span> 
     </span>
     <span class='ocr_line' id='line_1_19' title="bbox 191 1970 2393 2040; baseline 0.003 -24"><span class='ocrx_word' id='word_1_207' title='bbox 191 1970 500 2019; x_wconf 78' lang='lat' dir='ltr'>damnavere.</span> <span class='ocrx_word' id='word_1_208' title='bbox 564 1971 833 2021; x_wconf 77' lang='lat' dir='ltr'>Miltiadem</span> <span class='ocrx_word' id='word_1_209' title='bbox 856 1989 982 2033; x_wconf 77' lang='lat' dir='ltr'>vero,</span> <span class='ocrx_word' id='word_1_210' title='bbox 1004 1975 1087 2040; x_wconf 84' lang='lat' dir='ltr'>qui</span> <span class='ocrx_word' id='word_1_211' title='bbox 1118 1975 1170 2021; x_wconf 89' lang='lat' dir='ltr'>in</span> <span class='ocrx_word' id='word_1_212' title='bbox 1201 1974 1487 2023; x_wconf 73' lang='lat' dir='ltr'><strong>Marathone</strong></span> <span class='ocrx_word' id='word_1_213' title='bbox 1521 1975 1770 2039; x_wconf 80' lang='lat' dir='ltr'>pugnavit,</span> <span class='ocrx_word' id='word_1_214' title='bbox 1799 1975 1851 2027; x_wconf 83' lang='lat' dir='ltr'>iu</span> <span class='ocrx_word' id='word_1_215' title='bbox 1889 1974 2087 2024; x_wconf 82' lang='lat' dir='ltr'>carceris</span> <span class='ocrx_word' id='word_1_216' title='bbox 2124 1973 2393 2023; x_wconf 85' lang='lat' dir='ltr'>barathrum</span> 
     </span>
     <span class='ocr_line' id='line_1_20' title="bbox 196 2050 2394 2125; baseline 0.001 -26"><span class='ocrx_word' id='word_1_217' title='bbox 196 2050 448 2100; x_wconf 72' lang='lat' dir='ltr'>detrudere</span> <span class='ocrx_word' id='word_1_218' title='bbox 471 2052 806 2104; x_wconf 61' lang='lat' dir='ltr'>smmum:</span> <span class='ocrx_word' id='word_1_219' title='bbox 840 2070 897 2104; x_wconf 83' lang='lat' dir='ltr'>ae</span> <span class='ocrx_word' id='word_1_220' title='bbox 915 2055 1006 2104; x_wconf 78' lang='lat' dir='ltr'>nisi</span> <span class='ocrx_word' id='word_1_221' title='bbox 1028 2055 1286 2105; x_wconf 65' lang='lat' dir='ltr'>obstitisset</span> <span class='ocrx_word' id='word_1_222' title='bbox 1307 2057 1622 2120; x_wconf 72' lang='lat' dir='ltr'>magistratus,</span> <span class='ocrx_word' id='word_1_223' title='bbox 1646 2056 1808 2125; x_wconf 86' lang='lat' dir='ltr'>procul</span> <span class='ocrx_word' id='word_1_224' title='bbox 1826 2056 1973 2105; x_wconf 88' lang='lat' dir='ltr'>dubio</span> <span class='ocrx_word' id='word_1_225' title='bbox 1997 2055 2259 2104; x_wconf 82' lang='lat' dir='ltr'>incidisset.</span> <span class='ocrx_word' id='word_1_226' title='bbox 2321 2053 2394 2101; x_wconf 73' lang='lat' dir='ltr'>At</span> 
     </span>
     <span class='ocr_line' id='line_1_21' title="bbox 194 2133 2391 2204; baseline 0.003 -25"><span class='ocrx_word' id='word_1_227' title='bbox 194 2134 362 2181; x_wconf 69' lang='lat' dir='ltr'>neroni</span> <span class='ocrx_word' id='word_1_228' title='bbox 402 2133 615 2190; x_wconf 69' lang='grc' dir='ltr'><strong>00111,οι</strong></span> <span class='ocrx_word' id='word_1_229' title='bbox 646 2143 698 2183; x_wconf 89' lang='lat' dir='ltr'>tu</span> <span class='ocrx_word' id='word_1_230' title='bbox 735 2137 825 2198; x_wconf 86' lang='lat' dir='ltr'>ais,</span> <span class='ocrx_word' id='word_1_231' title='bbox 841 2137 891 2185; x_wconf 82' lang='lat' dir='ltr'>hi</span> <span class='ocrx_word' id='word_1_232' title='bbox 923 2137 1122 2187; x_wconf 78' lang='lat' dir='ltr'>fuissent</span> <span class='ocrx_word' id='word_1_233' title='bbox 1144 2139 1247 2194; x_wconf 81' lang='lat' dir='ltr'>viri.</span> <span class='ocrx_word' id='word_1_234' title='bbox 1270 2139 1383 2188; x_wconf 87' lang='lat' dir='ltr'>talia</span> <span class='ocrx_word' id='word_1_235' title='bbox 1412 2153 1657 2203; x_wconf 85' lang='lat' dir='ltr'>nunquam</span> <span class='ocrx_word' id='word_1_236' title='bbox 1687 2138 1897 2204; x_wconf 84' lang='lat' dir='ltr'>perpessi</span> <span class='ocrx_word' id='word_1_237' title='bbox 1916 2138 2131 2187; x_wconf 75' lang='lat' dir='ltr'>fuissent.</span> <span class='ocrx_word' id='word_1_238' title='bbox 2199 2134 2391 2185; x_wconf 77' lang='lat' dir='ltr'><strong>Etenim</strong></span> 
     </span>
     <span class='ocr_line' id='line_1_22' title="bbox 194 2212 2393 2284; baseline 0.001 -25"><span class='ocrx_word' id='word_1_239' title='bbox 194 2215 371 2276; x_wconf 67' lang='lat' dir='ltr'>auriga</span> <span class='ocrx_word' id='word_1_240' title='bbox 392 2215 509 2262; x_wconf 86' lang='lat' dir='ltr'>boni</span> <span class='ocrx_word' id='word_1_241' title='bbox 524 2229 621 2262; x_wconf 88' lang='lat' dir='ltr'>non</span> <span class='ocrx_word' id='word_1_242' title='bbox 642 2216 736 2264; x_wconf 80' lang='grc'>00·</span> <span class='ocrx_word' id='word_1_243' title='bbox 721 2216 857 2266; x_wconf 73' lang='lat' dir='ltr'>initio</span> <span class='ocrx_word' id='word_1_244' title='bbox 890 2218 1084 2282; x_wconf 86' lang='lat' dir='ltr'>quidem</span> <span class='ocrx_word' id='word_1_245' title='bbox 1116 2234 1215 2268; x_wconf 84' lang='lat' dir='ltr'>non</span> <span class='ocrx_word' id='word_1_246' title='bbox 1242 2220 1499 2269; x_wconf 81' lang='lat' dir='ltr'>excidunt:</span> <span class='ocrx_word' id='word_1_247' title='bbox 1536 2228 1788 2284; x_wconf 85' lang='lat' dir='ltr'>postquam</span> <span class='ocrx_word' id='word_1_248' title='bbox 1811 2236 1921 2268; x_wconf 77' lang='lat' dir='ltr'>vero</span> <span class='ocrx_word' id='word_1_249' title='bbox 1942 2212 2090 2283; x_wconf 81' lang='lat' dir='ltr'>equos</span> <span class='ocrx_word' id='word_1_250' title='bbox 2109 2215 2393 2273; x_wconf 76' lang='lat' dir='ltr'>curaverint,</span> 
     </span>
     <span class='ocr_line' id='line_1_23' title="bbox 192 2292 2394 2363; baseline -0.001 -20"><span class='ocrx_word' id='word_1_251' title='bbox 192 2292 383 2358; x_wconf 77' lang='lat' dir='ltr'>ipsique</span> <span class='ocrx_word' id='word_1_252' title='bbox 405 2296 623 2351; x_wconf 78' lang='lat' dir='ltr'>meliores</span> <span class='ocrx_word' id='word_1_253' title='bbox 639 2296 753 2345; x_wconf 80' lang='lat' dir='ltr'>facti</span> <span class='ocrx_word' id='word_1_254' title='bbox 779 2298 956 2346; x_wconf 73' lang='lat' dir='ltr'>fuerint</span> <span class='ocrx_word' id='word_1_255' title='bbox 990 2299 1184 2363; x_wconf 65' lang='lat' dir='ltr'>auriga,</span> <span class='ocrx_word' id='word_1_256' title='bbox 1207 2307 1322 2348; x_wconf 86' lang='lat' dir='ltr'>tunc</span> <span class='ocrx_word' id='word_1_257' title='bbox 1353 2300 1595 2348; x_wconf 84' lang='lat' dir='ltr'>excidunt.</span> <span class='ocrx_word' id='word_1_258' title='bbox 1632 2300 1842 2362; x_wconf 75' lang='lat' dir='ltr'>profecto</span> <span class='ocrx_word' id='word_1_259' title='bbox 1862 2315 1959 2346; x_wconf 87' lang='grc'>000</span> <span class='ocrx_word' id='word_1_260' title='bbox 1979 2305 2054 2346; x_wconf 88' lang='lat' dir='ltr'>est</span> <span class='ocrx_word' id='word_1_261' title='bbox 2070 2298 2140 2344; x_wconf 86' lang='lat' dir='ltr'>ita</span> <span class='ocrx_word' id='word_1_262' title='bbox 2160 2304 2215 2343; x_wconf 91' lang='lat' dir='ltr'>ut</span> <span class='ocrx_word' id='word_1_263' title='bbox 2232 2297 2286 2342; x_wconf 88' lang='lat' dir='ltr'>in</span> <span class='ocrx_word' id='word_1_264' title='bbox 2309 2308 2394 2341; x_wconf 88' lang='lat' dir='ltr'>au-</span> 
     </span>
     <span class='ocr_line' id='line_1_24' title="bbox 192 2372 2399 2443; baseline -0.001 -20"><span class='ocrx_word' id='word_1_265' title='bbox 192 2372 357 2436; x_wconf 69' lang='lat' dir='ltr'>rigaris</span> <span class='ocrx_word' id='word_1_266' title='bbox 398 2376 479 2424; x_wconf 80' lang='lat' dir='ltr'>vel</span> <span class='ocrx_word' id='word_1_267' title='bbox 523 2377 572 2424; x_wconf 86' lang='lat' dir='ltr'>in</span> <span class='ocrx_word' id='word_1_268' title='bbox 608 2376 705 2426; x_wconf 79' lang='grc'><strong>0110</strong></span> <span class='ocrx_word' id='word_1_269' title='bbox 738 2377 908 2441; x_wconf 74' lang='lat' dir='ltr'>quovis</span> <span class='ocrx_word' id='word_1_270' title='bbox 929 2394 1090 2443; x_wconf 86' lang='lat' dir='ltr'>opere.</span> <span class='ocrx_word' id='word_1_271' title='bbox 1157 2380 1240 2426; x_wconf 81' lang='lat' dir='ltr'>An</span> <span class='ocrx_word' id='word_1_272' title='bbox 1274 2379 1361 2427; x_wconf 80' lang='lat' dir='ltr'>tibi</span> <span class='ocrx_word' id='word_1_273' title='bbox 1395 2379 1614 2427; x_wconf 81' lang='lat' dir='ltr'>videtur?</span> <span class='ocrx_word' id='word_1_274' title='bbox 1681 2379 1810 2427; x_wconf 66' lang='lat' dir='ltr'>Car..</span> <span class='ocrx_word' id='word_1_275' title='bbox 1860 2377 2083 2426; x_wconf 82' lang='lat' dir='ltr'>Minime.</span> <span class='ocrx_word' id='word_1_276' title='bbox 2146 2376 2235 2423; x_wconf 88' lang='grc'>80.</span> <span class='ocrx_word' id='word_1_277' title='bbox 2267 2372 2399 2421; x_wconf 87' lang='lat' dir='ltr'>Vera</span> 
     </span>
     <span class='ocr_line' id='line_1_25' title="bbox 190 2451 2395 2524; baseline -0 -20"><span class='ocrx_word' id='word_1_278' title='bbox 190 2451 335 2517; x_wconf 66' lang='lat' dir='ltr'>igitar</span> <span class='ocrx_word' id='word_1_279' title='bbox 352 2463 494 2506; x_wconf 83' lang='lat' dir='ltr'>erant</span> <span class='ocrx_word' id='word_1_280' title='bbox 511 2471 620 2522; x_wconf 67' lang='lat' dir='ltr'>qum</span> <span class='ocrx_word' id='word_1_281' title='bbox 641 2474 670 2508; x_wconf 91' lang='lat' dir='ltr'>a</span> <span class='ocrx_word' id='word_1_282' title='bbox 689 2459 861 2508; x_wconf 83' lang='lat' dir='ltr'>nobis</span> <span class='ocrx_word' id='word_1_283' title='bbox 846 2475 896 2509; x_wconf 86' lang='grc'>111</span> <span class='ocrx_word' id='word_1_284' title='bbox 922 2459 1241 2524; x_wconf 85' lang='lat' dir='ltr'>superioribus</span> <span class='ocrx_word' id='word_1_285' title='bbox 1274 2460 1571 2516; x_wconf 84' lang='lat' dir='ltr'>dicebantur,</span> <span class='ocrx_word' id='word_1_286' title='bbox 1590 2458 1772 2507; x_wconf 88' lang='lat' dir='ltr'>nullum</span> <span class='ocrx_word' id='word_1_287' title='bbox 1807 2457 1956 2522; x_wconf 79' lang='lat'><strong>[517]</strong></span> <span class='ocrx_word' id='word_1_288' title='bbox 1989 2454 2244 2505; x_wconf 80' lang='lat' dir='ltr'>videlicet</span> <span class='ocrx_word' id='word_1_289' title='bbox 2228 2468 2282 2503; x_wconf 84' lang='grc'>10</span> <span class='ocrx_word' id='word_1_290' title='bbox 2303 2453 2395 2503; x_wconf 77' lang='lat' dir='ltr'>hae</span> 
     </span>
     <span class='ocr_line' id='line_1_26' title="bbox 192 2534 2395 2603; baseline 0 -20"><span class='ocrx_word' id='word_1_291' title='bbox 192 2534 384 2586; x_wconf 72' lang='lat' dir='ltr'>civitate</span> <span class='ocrx_word' id='word_1_292' title='bbox 404 2551 500 2586; x_wconf 84' lang='lat' dir='ltr'>nos</span> <span class='ocrx_word' id='word_1_293' title='bbox 519 2538 668 2585; x_wconf 80' lang='lat' dir='ltr'>virum</span> <span class='ocrx_word' id='word_1_294' title='bbox 690 2539 810 2587; x_wconf 85' lang='lat' dir='ltr'>scire</span> <span class='ocrx_word' id='word_1_295' title='bbox 830 2540 1081 2598; x_wconf 83' lang='lat' dir='ltr'>exstitisse,</span> <span class='ocrx_word' id='word_1_296' title='bbox 1101 2540 1183 2603; x_wconf 86' lang='lat' dir='ltr'>qui</span> <span class='ocrx_word' id='word_1_297' title='bbox 1216 2539 1271 2588; x_wconf 89' lang='lat' dir='ltr'>in</span> <span class='ocrx_word' id='word_1_298' title='bbox 1293 2555 1345 2587; x_wconf 87' lang='lat' dir='ltr'>re</span> <span class='ocrx_word' id='word_1_299' title='bbox 1367 2539 1561 2603; x_wconf 87' lang='lat' dir='ltr'>publica</span> <span class='ocrx_word' id='word_1_300' title='bbox 1580 2540 1733 2588; x_wconf 85' lang='lat' dir='ltr'>bonus</span> <span class='ocrx_word' id='word_1_301' title='bbox 1753 2539 1872 2587; x_wconf 82' lang='lat' dir='ltr'>ciris</span> <span class='ocrx_word' id='word_1_302' title='bbox 1893 2546 2018 2588; x_wconf 85' lang='lat' dir='ltr'>esset</span> <span class='ocrx_word' id='word_1_303' title='bbox 2037 2536 2301 2586; x_wconf 80' lang='lat' dir='ltr'>habendus.</span> <span class='ocrx_word' id='word_1_304' title='bbox 2338 2541 2395 2584; x_wconf 78' lang='lat' dir='ltr'>tu</span> 
     </span>
     <span class='ocr_line' id='line_1_27' title="bbox 190 2615 2392 2683; baseline 0 -19"><span class='ocrx_word' id='word_1_305' title='bbox 190 2630 301 2664; x_wconf 75' lang='lat' dir='ltr'>-vero</span> <span class='ocrx_word' id='word_1_306' title='bbox 315 2618 565 2665; x_wconf 73' lang='lat' dir='ltr'>confessus</span> <span class='ocrx_word' id='word_1_307' title='bbox 586 2632 655 2675; x_wconf 83' lang='lat' dir='ltr'>es,</span> <span class='ocrx_word' id='word_1_308' title='bbox 676 2618 859 2666; x_wconf 85' lang='lat' dir='ltr'>nullam</span> <span class='ocrx_word' id='word_1_309' title='bbox 881 2634 937 2666; x_wconf 77' lang='lat' dir='ltr'>ex</span> <span class='ocrx_word' id='word_1_310' title='bbox 960 2618 1035 2666; x_wconf 82' lang='lat' dir='ltr'>his</span> <span class='ocrx_word' id='word_1_311' title='bbox 1055 2619 1139 2683; x_wconf 85' lang='lat' dir='ltr'>qai</span> <span class='ocrx_word' id='word_1_312' title='bbox 1161 2634 1289 2668; x_wconf 85' lang='lat' dir='ltr'>nunc</span> <span class='ocrx_word' id='word_1_313' title='bbox 1312 2628 1439 2682; x_wconf 87' lang='lat' dir='ltr'>sant,</span> <span class='ocrx_word' id='word_1_314' title='bbox 1461 2634 1565 2668; x_wconf 86' lang='lat' dir='ltr'>esse</span> <span class='ocrx_word' id='word_1_315' title='bbox 1599 2618 1741 2667; x_wconf 88' lang='lat' dir='ltr'>talem</span> <span class='ocrx_word' id='word_1_316' title='bbox 1764 2634 1776 2666; x_wconf 72' lang='grc' dir='ltr'><em>ε</em></span> <span class='ocrx_word' id='word_1_317' title='bbox 1808 2634 1867 2667; x_wconf 82' lang='lat' dir='ltr'>ex</span> <span class='ocrx_word' id='word_1_318' title='bbox 1889 2618 1962 2667; x_wconf 84' lang='lat' dir='ltr'>his</span> <span class='ocrx_word' id='word_1_319' title='bbox 1982 2625 2140 2667; x_wconf 87' lang='lat' dir='ltr'>autem</span> <span class='ocrx_word' id='word_1_320' title='bbox 2163 2615 2249 2681; x_wconf 89' lang='lat' dir='ltr'>qui</span> <span class='ocrx_word' id='word_1_321' title='bbox 2269 2629 2392 2679; x_wconf 81' lang='lat' dir='ltr'>prra-</span> 
     </span>
     <span class='ocr_line' id='line_1_28' title="bbox 191 2695 2393 2764; baseline -0.001 -19"><span class='ocrx_word' id='word_1_322' title='bbox 191 2705 453 2754; x_wconf 76' lang='grc'><strong>0000010111,</strong></span> <span class='ocrx_word' id='word_1_323' title='bbox 473 2697 710 2747; x_wconf 75' lang='lat' dir='ltr'>exstitisse</span> <span class='ocrx_word' id='word_1_324' title='bbox 729 2699 1002 2756; x_wconf 72' lang='lat' dir='ltr'>nonnullos,</span> <span class='ocrx_word' id='word_1_325' title='bbox 1024 2707 1169 2762; x_wconf 87' lang='lat' dir='ltr'>atque</span> <span class='ocrx_word' id='word_1_326' title='bbox 1184 2699 1307 2747; x_wconf 82' lang='lat' dir='ltr'>inter</span> <span class='ocrx_word' id='word_1_327' title='bbox 1324 2715 1408 2748; x_wconf 80' lang='lat' dir='ltr'>eos</span> <span class='ocrx_word' id='word_1_328' title='bbox 1425 2699 1617 2762; x_wconf 87' lang='lat' dir='ltr'>quidem</span> <span class='ocrx_word' id='word_1_329' title='bbox 1640 2700 1727 2747; x_wconf 84' lang='lat' dir='ltr'>hos</span> <span class='ocrx_word' id='word_1_330' title='bbox 1749 2700 1871 2749; x_wconf 76' lang='lat' dir='ltr'>viros</span> <span class='ocrx_word' id='word_1_331' title='bbox 1890 2715 1987 2764; x_wconf 75' lang='lat' dir='ltr'>pne</span> <span class='ocrx_word' id='word_1_332' title='bbox 2008 2700 2176 2748; x_wconf 82' lang='lat' dir='ltr'>ceteris</span> <span class='ocrx_word' id='word_1_333' title='bbox 2190 2695 2393 2760; x_wconf 79' lang='lat' dir='ltr'>elegisti.</span> 
     </span>
     <span class='ocr_line' id='line_1_29' title="bbox 190 2774 2391 2843; baseline 0.002 -19"><span class='ocrx_word' id='word_1_334' title='bbox 190 2774 245 2824; x_wconf 71' lang='lat' dir='ltr'>hi</span> <span class='ocrx_word' id='word_1_335' title='bbox 263 2791 371 2828; x_wconf 75' lang='lat' dir='ltr'>vero</span> <span class='ocrx_word' id='word_1_336' title='bbox 390 2792 493 2825; x_wconf 83' lang='lat' dir='ltr'>non</span> <span class='ocrx_word' id='word_1_337' title='bbox 527 2778 665 2827; x_wconf 81' lang='lat' dir='ltr'>aliter</span> <span class='ocrx_word' id='word_1_338' title='bbox 693 2794 745 2827; x_wconf 88' lang='lat' dir='ltr'>se</span> <span class='ocrx_word' id='word_1_339' title='bbox 776 2777 948 2827; x_wconf 79' lang='lat' dir='ltr'>habere</span> <span class='ocrx_word' id='word_1_340' title='bbox 982 2779 1073 2827; x_wconf 84' lang='lat' dir='ltr'>hac</span> <span class='ocrx_word' id='word_1_341' title='bbox 1107 2779 1157 2826; x_wconf 86' lang='lat' dir='ltr'>in</span> <span class='ocrx_word' id='word_1_342' title='bbox 1192 2793 1259 2841; x_wconf 89' lang='lat' dir='ltr'>re,</span> <span class='ocrx_word' id='word_1_343' title='bbox 1279 2793 1418 2842; x_wconf 87' lang='lat' dir='ltr'>quam</span> <span class='ocrx_word' id='word_1_344' title='bbox 1440 2779 1527 2843; x_wconf 86' lang='lat' dir='ltr'>qui</span> <span class='ocrx_word' id='word_1_345' title='bbox 1547 2794 1675 2828; x_wconf 86' lang='lat' dir='ltr'>nunc</span> <span class='ocrx_word' id='word_1_346' title='bbox 1698 2787 1826 2838; x_wconf 84' lang='lat' dir='ltr'>sunt,</span> <span class='ocrx_word' id='word_1_347' title='bbox 1849 2785 2186 2843; x_wconf 83' lang='lat' dir='ltr'>apparuerunt.</span> <span class='ocrx_word' id='word_1_348' title='bbox 2254 2776 2391 2833; x_wconf 72' lang='lat' dir='ltr'>Qu·-</span> 
     </span>
     <span class='ocr_line' id='line_1_30' title="bbox 190 2857 2390 2924; baseline -0.002 -17"><span class='ocrx_word' id='word_1_349' title='bbox 190 2865 383 2920; x_wconf 72' lang='lat' dir='ltr'>propter</span> <span class='ocrx_word' id='word_1_350' title='bbox 400 2858 447 2907; x_wconf 85' lang='lat' dir='ltr'>si</span> <span class='ocrx_word' id='word_1_351' title='bbox 467 2857 516 2905; x_wconf 82' lang='lat' dir='ltr'>hi</span> <span class='ocrx_word' id='word_1_352' title='bbox 536 2865 742 2908; x_wconf 80' lang='lat' dir='ltr'>oratores</span> <span class='ocrx_word' id='word_1_353' title='bbox 760 2858 968 2916; x_wconf 79' lang='lat' dir='ltr'>fuerunt,</span> <span class='ocrx_word' id='word_1_354' title='bbox 989 2871 1149 2923; x_wconf 85' lang='lat' dir='ltr'>neque</span> <span class='ocrx_word' id='word_1_355' title='bbox 1168 2871 1278 2907; x_wconf 78' lang='lat' dir='ltr'>vera</span> <span class='ocrx_word' id='word_1_356' title='bbox 1310 2860 1543 2909; x_wconf 80' lang='lat' dir='ltr'>rhetorica</span> <span class='ocrx_word' id='word_1_357' title='bbox 1563 2859 1636 2908; x_wconf 84' lang='lat' dir='ltr'>usi</span> <span class='ocrx_word' id='word_1_358' title='bbox 1655 2868 1767 2908; x_wconf 86' lang='lat' dir='ltr'>sunt</span> <span class='ocrx_word' id='word_1_359' title='bbox 1787 2858 2029 2924; x_wconf 66' lang='lat' dir='ltr'>(alioqum</span> <span class='ocrx_word' id='word_1_360' title='bbox 2048 2872 2292 2922; x_wconf 80' lang='lat' dir='ltr'>nunquam</span> <span class='ocrx_word' id='word_1_361' title='bbox 2309 2870 2390 2904; x_wconf 85' lang='lat' dir='ltr'>ce·</span> 
     </span>
     <span class='ocr_line' id='line_1_31' title="bbox 187 2936 2388 3002; baseline -0.001 -17"><span class='ocrx_word' id='word_1_362' title='bbox 187 2936 641 3002; x_wconf 71' lang='lat' dir='ltr'>cidissent)‚‚aeque</span> <span class='ocrx_word' id='word_1_363' title='bbox 659 2939 939 2989; x_wconf 86' lang='lat' dir='ltr'>adulatoria.</span> <span class='ocrx_word' id='word_1_364' title='bbox 1005 2938 1136 2988; x_wconf 69' lang='lat' dir='ltr'>Car..</span> <span class='ocrx_word' id='word_1_365' title='bbox 1170 2938 1381 2986; x_wconf 77' lang='lat' dir='ltr'>Multum</span> <span class='ocrx_word' id='word_1_366' title='bbox 1402 2947 1562 2988; x_wconf 83' lang='lat' dir='ltr'>tamen</span> <span class='ocrx_word' id='word_1_367' title='bbox 1578 2940 1731 2996; x_wconf 83' lang='lat' dir='ltr'>abest,</span> <span class='ocrx_word' id='word_1_368' title='bbox 1751 2941 1782 2986; x_wconf 83' lang='grc'>0</span> <span class='ocrx_word' id='word_1_369' title='bbox 1804 2940 2038 2993; x_wconf 82' lang='lat' dir='ltr'>Socrates,</span> <span class='ocrx_word' id='word_1_370' title='bbox 2060 2946 2116 2984; x_wconf 88' lang='lat' dir='ltr'>ut</span> <span class='ocrx_word' id='word_1_371' title='bbox 2137 2937 2388 2999; x_wconf 81' lang='lat' dir='ltr'>qnisquam</span> 
     </span>
     <span class='ocr_line' id='line_1_32' title="bbox 188 3017 2389 3083; baseline -0.002 -18"><span class='ocrx_word' id='word_1_372' title='bbox 188 3029 349 3066; x_wconf 84' lang='lat' dir='ltr'>eoram</span> <span class='ocrx_word' id='word_1_373' title='bbox 369 3018 459 3083; x_wconf 86' lang='lat' dir='ltr'>qui</span> <span class='ocrx_word' id='word_1_374' title='bbox 474 3033 603 3067; x_wconf 89' lang='lat' dir='ltr'>nune</span> <span class='ocrx_word' id='word_1_375' title='bbox 623 3028 735 3068; x_wconf 86' lang='lat' dir='ltr'>sunt</span> <span class='ocrx_word' id='word_1_376' title='bbox 754 3019 867 3067; x_wconf 85' lang='lat' dir='ltr'>talia</span> <span class='ocrx_word' id='word_1_377' title='bbox 889 3019 1098 3082; x_wconf 78' lang='lat' dir='ltr'>gesserit,</span> <span class='ocrx_word' id='word_1_378' title='bbox 1119 3018 1280 3082; x_wconf 86' lang='lat' dir='ltr'>qualia</span> <span class='ocrx_word' id='word_1_379' title='bbox 1298 3020 1497 3066; x_wconf 86' lang='lat' dir='ltr'>istorum</span> <span class='ocrx_word' id='word_1_380' title='bbox 1519 3019 1673 3081; x_wconf 77' lang='lat' dir='ltr'>quivis</span> <span class='ocrx_word' id='word_1_381' title='bbox 1704 3018 1865 3081; x_wconf 76' lang='lat' dir='ltr'>gessit.</span> <span class='ocrx_word' id='word_1_382' title='bbox 1929 3018 2017 3065; x_wconf 88' lang='grc'>80.</span> <span class='ocrx_word' id='word_1_383' title='bbox 2050 3017 2096 3064; x_wconf 92' lang='grc' dir='ltr'>Ο</span> <span class='ocrx_word' id='word_1_384' title='bbox 2118 3017 2275 3069; x_wconf 85' lang='lat' dir='ltr'>beate,</span> <span class='ocrx_word' id='word_1_385' title='bbox 2296 3028 2389 3061; x_wconf 86' lang='grc'>000</span> 
     </span>
     <span class='ocr_line' id='line_1_33' title="bbox 184 3094 2392 3163; baseline -0.004 -15"><span class='ocrx_word' id='word_1_386' title='bbox 184 3111 297 3160; x_wconf 70' lang='lat' dir='ltr'>ego.</span> <span class='ocrx_word' id='word_1_387' title='bbox 325 3106 561 3163; x_wconf 81' lang='grc'><strong>0110011110</strong></span> <span class='ocrx_word' id='word_1_388' title='bbox 598 3100 659 3146; x_wconf 91' lang='lat' dir='ltr'>ad</span> <span class='ocrx_word' id='word_1_389' title='bbox 699 3097 904 3150; x_wconf 75' lang='lat' dir='ltr'>civitatis</span> <span class='ocrx_word' id='word_1_390' title='bbox 943 3097 1391 3145; x_wconf 79' lang='lat' dir='ltr'>administrationem</span> <span class='ocrx_word' id='word_1_391' title='bbox 1424 3097 1646 3159; x_wconf 72' lang='lat' dir='ltr'>pertinet,</span> <span class='ocrx_word' id='word_1_392' title='bbox 1683 3097 1799 3144; x_wconf 76' lang='lat' dir='ltr'>istos</span> <span class='ocrx_word' id='word_1_393' title='bbox 1831 3094 2079 3158; x_wconf 80' lang='lat' dir='ltr'>vitupero:</span> <span class='ocrx_word' id='word_1_394' title='bbox 2117 3094 2261 3140; x_wconf 86' lang='lat' dir='ltr'>immo</span> <span class='ocrx_word' id='word_1_395' title='bbox 2280 3105 2392 3139; x_wconf 79' lang='lat' dir='ltr'>vero</span> 
     </span>
     <span class='ocr_line' id='line_1_34' title="bbox 189 3172 2389 3240; baseline -0.004 -13"><span class='ocrx_word' id='word_1_396' title='bbox 189 3177 278 3227; x_wconf 80' lang='grc'><strong>1100</strong></span> <span class='ocrx_word' id='word_1_397' title='bbox 296 3177 351 3227; x_wconf 86' lang='lat' dir='ltr'>in</span> <span class='ocrx_word' id='word_1_398' title='bbox 384 3193 439 3227; x_wconf 86' lang='lat' dir='ltr'>re</span> <span class='ocrx_word' id='word_1_399' title='bbox 459 3178 575 3226; x_wconf 86' lang='lat' dir='ltr'>mibi</span> <span class='ocrx_word' id='word_1_400' title='bbox 595 3178 817 3225; x_wconf 78' lang='lat' dir='ltr'>videntur</span> <span class='ocrx_word' id='word_1_401' title='bbox 836 3176 1163 3240; x_wconf 69' lang='lat' dir='ltr'>diligentiores</span> <span class='ocrx_word' id='word_1_402' title='bbox 1184 3190 1326 3240; x_wconf 88' lang='lat' dir='ltr'>quam</span> <span class='ocrx_word' id='word_1_403' title='bbox 1346 3176 1396 3224; x_wconf 87' lang='lat' dir='ltr'>hi</span> <span class='ocrx_word' id='word_1_404' title='bbox 1418 3177 1564 3224; x_wconf 84' lang='lat' dir='ltr'>nostri</span> <span class='ocrx_word' id='word_1_405' title='bbox 1584 3176 1748 3237; x_wconf 79' lang='lat' dir='ltr'>fuisse,</span> <span class='ocrx_word' id='word_1_406' title='bbox 1766 3175 2067 3240; x_wconf 75' lang='lat' dir='ltr'>aptioresque</span> <span class='ocrx_word' id='word_1_407' title='bbox 2088 3174 2150 3222; x_wconf 87' lang='lat' dir='ltr'>ad</span> <span class='ocrx_word' id='word_1_408' title='bbox 2169 3172 2254 3220; x_wconf 87' lang='lat' dir='ltr'>illa</span> <span class='ocrx_word' id='word_1_409' title='bbox 2273 3186 2389 3220; x_wconf 90' lang='lat' dir='ltr'>con-</span> 
     </span>
     <span class='ocr_line' id='line_1_35' title="bbox 185 3249 2391 3322; baseline -0.002 -17"><span class='ocrx_word' id='word_1_410' title='bbox 185 3249 418 3316; x_wconf 66' lang='lat' dir='ltr'>ficienda,</span> <span class='ocrx_word' id='word_1_411' title='bbox 455 3272 565 3321; x_wconf 67' lang='lat' dir='ltr'>quo</span> <span class='ocrx_word' id='word_1_412' title='bbox 602 3257 771 3305; x_wconf 77' lang='lat' dir='ltr'>civitas</span> <span class='ocrx_word' id='word_1_413' title='bbox 808 3257 1053 3320; x_wconf 77' lang='lat' dir='ltr'>cupiebat,</span> <span class='ocrx_word' id='word_1_414' title='bbox 1078 3271 1235 3304; x_wconf 76' lang='lat' dir='ltr'>verum</span> <span class='ocrx_word' id='word_1_415' title='bbox 1272 3256 1322 3304; x_wconf 88' lang='lat' dir='ltr'>in</span> <span class='ocrx_word' id='word_1_416' title='bbox 1356 3271 1433 3305; x_wconf 86' lang='lat' dir='ltr'>eo.</span> <span class='ocrx_word' id='word_1_417' title='bbox 1467 3257 1596 3321; x_wconf 89' lang='lat' dir='ltr'>quod</span> <span class='ocrx_word' id='word_1_418' title='bbox 1626 3257 1855 3322; x_wconf 79' lang='lat' dir='ltr'>castigare</span> <span class='ocrx_word' id='word_1_419' title='bbox 1893 3252 2391 3319; x_wconf 58' lang='lat' dir='ltr'>eivinmsupiditates</span> 
     </span>
     <span class='ocr_line' id='line_1_36' title="bbox 182 3335 2385 3404; baseline -0.001 -19"><span class='ocrx_word' id='word_1_420' title='bbox 182 3345 432 3402; x_wconf 72' lang='lat' dir='ltr'>oporteat,</span> <span class='ocrx_word' id='word_1_421' title='bbox 452 3350 610 3399; x_wconf 88' lang='lat' dir='ltr'>neque</span> <span class='ocrx_word' id='word_1_422' title='bbox 638 3336 732 3385; x_wconf 86' lang='lat' dir='ltr'>illis</span> <span class='ocrx_word' id='word_1_423' title='bbox 753 3338 1092 3394; x_wconf 74' lang='lat' dir='ltr'>obsecundare,</span> <span class='ocrx_word' id='word_1_424' title='bbox 1113 3338 1197 3386; x_wconf 81' lang='lat' dir='ltr'>sed</span> <span class='ocrx_word' id='word_1_425' title='bbox 1227 3345 1280 3386; x_wconf 87' lang='lat' dir='ltr'>et</span> <span class='ocrx_word' id='word_1_426' title='bbox 1310 3338 1639 3402; x_wconf 83' lang='lat' dir='ltr'>persuadendo</span> <span class='ocrx_word' id='word_1_427' title='bbox 1673 3347 1724 3389; x_wconf 86' lang='lat' dir='ltr'>et</span> <span class='ocrx_word' id='word_1_428' title='bbox 1760 3339 1979 3404; x_wconf 79' lang='lat' dir='ltr'>cogendo</span> <span class='ocrx_word' id='word_1_429' title='bbox 2006 3338 2067 3386; x_wconf 89' lang='lat' dir='ltr'>ad</span> <span class='ocrx_word' id='word_1_430' title='bbox 2097 3338 2190 3385; x_wconf 88' lang='lat' dir='ltr'>hoc</span> <span class='ocrx_word' id='word_1_431' title='bbox 2227 3335 2385 3400; x_wconf 86' lang='lat' dir='ltr'>ipsum</span> 
     </span>
     <span class='ocr_line' id='line_1_37' title="bbox 180 3415 2386 3486; baseline -0 -22"><span class='ocrx_word' id='word_1_432' title='bbox 180 3417 457 3481; x_wconf 76' lang='lat' dir='ltr'>perducere</span> <span class='ocrx_word' id='word_1_433' title='bbox 478 3415 605 3464; x_wconf 82' lang='lat' dir='ltr'>ande</span> <span class='ocrx_word' id='word_1_434' title='bbox 624 3417 835 3466; x_wconf 84' lang='lat' dir='ltr'>meliores</span> <span class='ocrx_word' id='word_1_435' title='bbox 854 3418 999 3470; x_wconf 79' lang='lat' dir='ltr'>futuri</span> <span class='ocrx_word' id='word_1_436' title='bbox 1020 3418 1119 3467; x_wconf 86' lang='lat' dir='ltr'>sint</span> <span class='ocrx_word' id='word_1_437' title='bbox 1139 3419 1282 3477; x_wconf 78' lang='lat' dir='ltr'>cives,</span> <span class='ocrx_word' id='word_1_438' title='bbox 1306 3419 1443 3478; x_wconf 81' lang='lat' dir='ltr'>nihil,</span> <span class='ocrx_word' id='word_1_439' title='bbox 1464 3427 1520 3468; x_wconf 86' lang='lat' dir='ltr'>ut</span> <span class='ocrx_word' id='word_1_440' title='bbox 1539 3420 1608 3470; x_wconf 86' lang='lat' dir='ltr'>ita</span> <span class='ocrx_word' id='word_1_441' title='bbox 1640 3421 1823 3486; x_wconf 83' lang='lat' dir='ltr'>loquar,</span> <span class='ocrx_word' id='word_1_442' title='bbox 1846 3419 1969 3468; x_wconf 85' lang='lat' dir='ltr'>inter</span> <span class='ocrx_word' id='word_1_443' title='bbox 1997 3420 2083 3468; x_wconf 86' lang='lat' dir='ltr'>hos</span> <span class='ocrx_word' id='word_1_444' title='bbox 2115 3424 2258 3482; x_wconf 89' lang='lat' dir='ltr'>atque</span> <span class='ocrx_word' id='word_1_445' title='bbox 2275 3415 2386 3464; x_wconf 83' lang='lat' dir='ltr'>illos</span> 
     </span>
     <span class='ocr_line' id='line_1_38' title="bbox 182 3495 2384 3562; baseline -0.001 -17"><span class='ocrx_word' id='word_1_446' title='bbox 182 3497 423 3546; x_wconf 80' lang='lat' dir='ltr'>interest:</span> <span class='ocrx_word' id='word_1_447' title='bbox 457 3497 586 3560; x_wconf 82' lang='lat' dir='ltr'>quod</span> <span class='ocrx_word' id='word_1_448' title='bbox 607 3499 798 3562; x_wconf 79' lang='lat' dir='ltr'>quidem</span> <span class='ocrx_word' id='word_1_449' title='bbox 819 3500 970 3548; x_wconf 86' lang='lat' dir='ltr'>solum</span> <span class='ocrx_word' id='word_1_450' title='bbox 990 3507 1063 3548; x_wconf 88' lang='lat' dir='ltr'>est</span> <span class='ocrx_word' id='word_1_451' title='bbox 1084 3501 1197 3549; x_wconf 89' lang='lat' dir='ltr'>boni</span> <span class='ocrx_word' id='word_1_452' title='bbox 1217 3501 1334 3549; x_wconf 80' lang='lat' dir='ltr'>civis</span> <span class='ocrx_word' id='word_1_453' title='bbox 1356 3501 1580 3552; x_wconf 82' lang='lat' dir='ltr'>officium.</span> <span class='ocrx_word' id='word_1_454' title='bbox 1647 3501 1875 3551; x_wconf 79' lang='lat' dir='ltr'>Attamen</span> <span class='ocrx_word' id='word_1_455' title='bbox 1898 3501 1984 3549; x_wconf 84' lang='lat' dir='ltr'>tibi</span> <span class='ocrx_word' id='word_1_456' title='bbox 2009 3499 2255 3555; x_wconf 85' lang='lat' dir='ltr'>confiteor,</span> <span class='ocrx_word' id='word_1_457' title='bbox 2273 3495 2384 3544; x_wconf 82' lang='lat' dir='ltr'>illos</span> 
     </span>
     <span class='ocr_line' id='line_1_39' title="bbox 183 3576 2385 3648; baseline -0.001 -20"><span class='ocrx_word' id='word_1_458' title='bbox 183 3578 260 3628; x_wconf 63' lang='lat' dir='ltr'>ab</span> <span class='ocrx_word' id='word_1_459' title='bbox 280 3576 493 3641; x_wconf 85' lang='lat' dir='ltr'>aptiores</span> <span class='ocrx_word' id='word_1_460' title='bbox 510 3577 654 3628; x_wconf 77' lang='lat' dir='ltr'>{uisse</span> <span class='ocrx_word' id='word_1_461' title='bbox 688 3581 749 3628; x_wconf 85' lang='lat' dir='ltr'>ad</span> <span class='ocrx_word' id='word_1_462' title='bbox 781 3593 941 3638; x_wconf 74' lang='lat' dir='ltr'>naves,</span> <span class='ocrx_word' id='word_1_463' title='bbox 963 3581 1167 3644; x_wconf 79' lang='lat' dir='ltr'>navalia,</span> <span class='ocrx_word' id='word_1_464' title='bbox 1188 3580 1361 3631; x_wconf 83' lang='lat' dir='ltr'>moenia</span> <span class='ocrx_word' id='word_1_465' title='bbox 1399 3582 1588 3648; x_wconf 86' lang='lat' dir='ltr'>aliaque</span> <span class='ocrx_word' id='word_1_466' title='bbox 1621 3581 1858 3646; x_wconf 84' lang='lat' dir='ltr'>ejusmodi</span> <span class='ocrx_word' id='word_1_467' title='bbox 1893 3581 2040 3629; x_wconf 87' lang='lat' dir='ltr'>multa</span> <span class='ocrx_word' id='word_1_468' title='bbox 2073 3579 2140 3628; x_wconf 86' lang='lat' dir='ltr'>rei</span> <span class='ocrx_word' id='word_1_469' title='bbox 2180 3576 2385 3642; x_wconf 68' lang='lat' dir='ltr'>publico</span> 
     </span>
     <span class='ocr_line' id='line_1_40' title="bbox 184 3656 2386 3728; baseline -0.001 -22"><span class='ocrx_word' id='word_1_470' title='bbox 184 3659 526 3723; x_wconf 80' lang='lat' dir='ltr'>eomparanda.</span> <span class='ocrx_word' id='word_1_471' title='bbox 591 3660 650 3710; x_wconf 83' lang='lat' dir='ltr'>In</span> <span class='ocrx_word' id='word_1_472' title='bbox 666 3676 765 3711; x_wconf 78' lang='grc'><strong>1010</strong></span> <span class='ocrx_word' id='word_1_473' title='bbox 784 3677 897 3726; x_wconf 74' lang='lat' dir='ltr'>ergo</span> <span class='ocrx_word' id='word_1_474' title='bbox 918 3663 1164 3712; x_wconf 79' lang='lat' dir='ltr'>ridiculam</span> <span class='ocrx_word' id='word_1_475' title='bbox 1183 3679 1274 3727; x_wconf 80' lang='lat' dir='ltr'>ego</span> <span class='ocrx_word' id='word_1_476' title='bbox 1296 3679 1352 3713; x_wconf 90' lang='lat' dir='ltr'>ac</span> <span class='ocrx_word' id='word_1_477' title='bbox 1367 3671 1419 3711; x_wconf 89' lang='lat' dir='ltr'>tu</span> <span class='ocrx_word' id='word_1_478' title='bbox 1441 3664 1728 3728; x_wconf 84' lang='lat' dir='ltr'>disputando</span> <span class='ocrx_word' id='word_1_479' title='bbox 1744 3662 2041 3712; x_wconf 75' lang='lat' dir='ltr'>revolvimur.</span> <span class='ocrx_word' id='word_1_480' title='bbox 2077 3658 2310 3725; x_wconf 86' lang='lat' dir='ltr'>siquidem</span> <span class='ocrx_word' id='word_1_481' title='bbox 2333 3656 2386 3705; x_wconf 84' lang='lat' dir='ltr'>in</span> 
     </span>
     <span class='ocr_line' id='line_1_41' title="bbox 185 3738 2385 3809; baseline -0 -22"><span class='ocrx_word' id='word_1_482' title='bbox 185 3739 316 3788; x_wconf 87' lang='lat' dir='ltr'>omni</span> <span class='ocrx_word' id='word_1_483' title='bbox 337 3740 431 3788; x_wconf 87' lang='grc'>000</span> <span class='ocrx_word' id='word_1_484' title='bbox 450 3740 771 3804; x_wconf 79' lang='lat' dir='ltr'>disputatione</span> <span class='ocrx_word' id='word_1_485' title='bbox 802 3743 854 3791; x_wconf 86' lang='lat' dir='ltr'>in</span> <span class='ocrx_word' id='word_1_486' title='bbox 886 3742 1013 3791; x_wconf 85' lang='lat' dir='ltr'>idem</span> <span class='ocrx_word' id='word_1_487' title='bbox 1043 3743 1227 3792; x_wconf 79' lang='lat' dir='ltr'>assidue</span> <span class='ocrx_word' id='word_1_488' title='bbox 1249 3743 1632 3801; x_wconf 71' lang='lat' dir='ltr'>circumferimur,</span> <span class='ocrx_word' id='word_1_489' title='bbox 1655 3744 1767 3809; x_wconf 88' lang='lat' dir='ltr'>quid</span> <span class='ocrx_word' id='word_1_490' title='bbox 1791 3744 2004 3792; x_wconf 84' lang='lat' dir='ltr'>dieamus</span> <span class='ocrx_word' id='word_1_491' title='bbox 2022 3739 2225 3788; x_wconf 74' lang='lat' dir='ltr'>invicem</span> <span class='ocrx_word' id='word_1_492' title='bbox 2248 3738 2385 3801; x_wconf 73' lang='lat' dir='ltr'>igno-</span> 
     </span>
     <span class='ocr_line' id='line_1_42' title="bbox 187 3818 2383 3889; baseline -0.001 -21"><span class='ocrx_word' id='word_1_493' title='bbox 187 3828 359 3869; x_wconf 81' lang='lat' dir='ltr'>rantes.</span> <span class='ocrx_word' id='word_1_494' title='bbox 420 3819 532 3884; x_wconf 77' lang='lat' dir='ltr'>,Ego</span> <span class='ocrx_word' id='word_1_495' title='bbox 552 3820 677 3870; x_wconf 87' lang='lat' dir='ltr'>enim</span> <span class='ocrx_word' id='word_1_496' title='bbox 712 3830 760 3870; x_wconf 89' lang='lat' dir='ltr'>te</span> <span class='ocrx_word' id='word_1_497' title='bbox 792 3823 965 3886; x_wconf 64' lang='lat' dir='ltr'>sepius</span> <span class='ocrx_word' id='word_1_498' title='bbox 997 3821 1287 3873; x_wconf 76' lang='lat' dir='ltr'>concessisse</span> <span class='ocrx_word' id='word_1_499' title='bbox 1306 3824 1497 3872; x_wconf 84' lang='lat' dir='ltr'>arbitror</span> <span class='ocrx_word' id='word_1_500' title='bbox 1521 3831 1662 3889; x_wconf 85' lang='lat' dir='ltr'>atque</span> <span class='ocrx_word' id='word_1_501' title='bbox 1685 3824 1978 3888; x_wconf 76' lang='lat' dir='ltr'>cognovisse,</span> <span class='ocrx_word' id='word_1_502' title='bbox 2001 3821 2236 3885; x_wconf 82' lang='lat' dir='ltr'>geminam</span> <span class='ocrx_word' id='word_1_503' title='bbox 2256 3818 2383 3866; x_wconf 86' lang='lat' dir='ltr'>hanc</span> 
     </span>
     <span class='ocr_line' id='line_1_43' title="bbox 187 3898 2381 3967; baseline -0.001 -18"><span class='ocrx_word' id='word_1_504' title='bbox 187 3913 287 3957; x_wconf 69' lang='lat' dir='ltr'>esse</span> <span class='ocrx_word' id='word_1_505' title='bbox 307 3900 583 3949; x_wconf 70' lang='lat' dir='ltr'>facultatem</span> <span class='ocrx_word' id='word_1_506' title='bbox 605 3903 733 3952; x_wconf 81' lang='lat' dir='ltr'>circa</span> <span class='ocrx_word' id='word_1_507' title='bbox 749 3917 923 3967; x_wconf 85' lang='lat' dir='ltr'>eorpus</span> <span class='ocrx_word' id='word_1_508' title='bbox 939 3911 989 3951; x_wconf 89' lang='lat' dir='ltr'>et</span> <span class='ocrx_word' id='word_1_509' title='bbox 1007 3904 1133 3952; x_wconf 86' lang='lat' dir='ltr'>circa</span> <span class='ocrx_word' id='word_1_510' title='bbox 1153 3903 1358 3950; x_wconf 85' lang='lat' dir='ltr'>animam</span> <span class='ocrx_word' id='word_1_511' title='bbox 1379 3905 1673 3952; x_wconf 86' lang='lat' dir='ltr'>curatricem.</span> <span class='ocrx_word' id='word_1_512' title='bbox 1707 3912 1758 3952; x_wconf 85' lang='lat' dir='ltr'>et</span> <span class='ocrx_word' id='word_1_513' title='bbox 1788 3903 1980 3950; x_wconf 84' lang='lat' dir='ltr'>alteram</span> <span class='ocrx_word' id='word_1_514' title='bbox 1996 3901 2191 3965; x_wconf 90' lang='lat' dir='ltr'>quidem</span> <span class='ocrx_word' id='word_1_515' title='bbox 2214 3898 2381 3947; x_wconf 79' lang='lat' dir='ltr'>minis·</span> 
     </span>
     <span class='ocr_line' id='line_1_44' title="bbox 189 3981 2377 4048; baseline -0.001 -18"><span class='ocrx_word' id='word_1_516' title='bbox 189 3987 320 4038; x_wconf 72' lang='grc'><strong>11010,</strong></span> <span class='ocrx_word' id='word_1_517' title='bbox 338 3996 423 4044; x_wconf 74' lang='lat' dir='ltr'>per</span> <span class='ocrx_word' id='word_1_518' title='bbox 441 3997 584 4048; x_wconf 74' lang='lat' dir='ltr'>quam</span> <span class='ocrx_word' id='word_1_519' title='bbox 601 3995 708 4046; x_wconf 69' lang='lat' dir='ltr'>quo</span> <span class='ocrx_word' id='word_1_520' title='bbox 727 3995 898 4047; x_wconf 82' lang='lat' dir='ltr'>corpus</span> <span class='ocrx_word' id='word_1_521' title='bbox 919 3982 1104 4047; x_wconf 86' lang='lat' dir='ltr'>cupiat,</span> <span class='ocrx_word' id='word_1_522' title='bbox 1127 3991 1456 4046; x_wconf 83' lang='lat' dir='ltr'>comparentur</span> <span class='ocrx_word' id='word_1_523' title='bbox 1473 4001 1487 4029; x_wconf 74' lang='grc'>1</span> <span class='ocrx_word' id='word_1_524' title='bbox 1521 3983 1672 4031; x_wconf 83' lang='lat' dir='ltr'>veluti</span> <span class='ocrx_word' id='word_1_525' title='bbox 1693 3984 1733 4030; x_wconf 89' lang='lat' dir='ltr'>si</span> <span class='ocrx_word' id='word_1_526' title='bbox 1753 3981 1994 4045; x_wconf 81' lang='lat' dir='ltr'>famescat,</span> <span class='ocrx_word' id='word_1_527' title='bbox 2016 3981 2141 4042; x_wconf 80' lang='lat' dir='ltr'>cibi3</span> <span class='ocrx_word' id='word_1_528' title='bbox 2177 3981 2214 4029; x_wconf 87' lang='lat' dir='ltr'>si</span> <span class='ocrx_word' id='word_1_529' title='bbox 2231 3981 2377 4035; x_wconf 80' lang='lat' dir='ltr'>sitiat.</span> 
     </span>
     <span class='ocr_line' id='line_1_45' title="bbox 187 4059 2432 4127; baseline -0.001 -18"><span class='ocrx_word' id='word_1_530' title='bbox 187 4068 358 4122; x_wconf 55' lang='grc' dir='ltr'>,κως</span> <span class='ocrx_word' id='word_1_531' title='bbox 393 4063 431 4109; x_wconf 84' lang='lat' dir='ltr'>si</span> <span class='ocrx_word' id='word_1_532' title='bbox 452 4061 639 4124; x_wconf 67' lang='lat' dir='ltr'>frigeat,</span> <span class='ocrx_word' id='word_1_533' title='bbox 661 4071 835 4122; x_wconf 78' lang='lat' dir='ltr'>vestes,</span> <span class='ocrx_word' id='word_1_534' title='bbox 859 4069 1131 4120; x_wconf 81' lang='lat' dir='ltr'>stramenta,</span> <span class='ocrx_word' id='word_1_535' title='bbox 1164 4063 1311 4111; x_wconf 89' lang='lat' dir='ltr'>calcei</span> <span class='ocrx_word' id='word_1_536' title='bbox 1351 4067 1601 4127; x_wconf 84' lang='lat' dir='ltr'>ceteraque</span> <span class='ocrx_word' id='word_1_537' title='bbox 1634 4078 1741 4127; x_wconf 74' lang='lat' dir='ltr'>quae</span> <span class='ocrx_word' id='word_1_538' title='bbox 1774 4063 1837 4110; x_wconf 88' lang='lat' dir='ltr'>ad</span> <span class='ocrx_word' id='word_1_539' title='bbox 1870 4077 2006 4110; x_wconf 87' lang='lat' dir='ltr'>usum</span> <span class='ocrx_word' id='word_1_540' title='bbox 2037 4061 2245 4125; x_wconf 85' lang='lat' dir='ltr'>corporis</span> <span class='ocrx_word' id='word_1_541' title='bbox 2276 4059 2380 4107; x_wconf 76' lang='lat' dir='ltr'>exi·</span> <span class='ocrx_word' id='word_1_542' title='bbox 2426 4097 2432 4101; x_wconf 93' lang='lat'><em>.</em></span> 
     </span>
     <span class='ocr_line' id='line_1_46' title="bbox 189 4139 2379 4208; baseline -0.003 -18"><span class='ocrx_word' id='word_1_543' title='bbox 189 4151 375 4201; x_wconf 69' lang='lat' dir='ltr'>guntur.</span> <span class='ocrx_word' id='word_1_544' title='bbox 443 4142 509 4190; x_wconf 81' lang='lat' dir='ltr'>Et</span> <span class='ocrx_word' id='word_1_545' title='bbox 530 4143 744 4206; x_wconf 73' lang='lat' dir='ltr'>profecto</span> <span class='ocrx_word' id='word_1_546' title='bbox 766 4142 932 4200; x_wconf 81' lang='lat' dir='ltr'>dedita</span> <span class='ocrx_word' id='word_1_547' title='bbox 954 4158 1099 4208; x_wconf 85' lang='lat' dir='ltr'>opera</span> <span class='ocrx_word' id='word_1_548' title='bbox 1119 4144 1308 4193; x_wconf 81' lang='lat' dir='ltr'>easdem</span> <span class='ocrx_word' id='word_1_549' title='bbox 1332 4159 1419 4208; x_wconf 87' lang='lat' dir='ltr'>per</span> <span class='ocrx_word' id='word_1_550' title='bbox 1437 4144 1666 4208; x_wconf 74' lang='lat' dir='ltr'>imagines</span> <span class='ocrx_word' id='word_1_551' title='bbox 1689 4143 1774 4191; x_wconf 84' lang='lat' dir='ltr'>tibi</span> <span class='ocrx_word' id='word_1_552' title='bbox 1796 4143 1977 4208; x_wconf 84' lang='lat' dir='ltr'>loquor,</span> <span class='ocrx_word' id='word_1_553' title='bbox 2001 4149 2054 4190; x_wconf 89' lang='lat' dir='ltr'>ut</span> <span class='ocrx_word' id='word_1_554' title='bbox 2089 4141 2274 4189; x_wconf 73' lang='lat' dir='ltr'>facilius</span> <span class='ocrx_word' id='word_1_555' title='bbox 2306 4139 2379 4184; x_wconf 82' lang='lat' dir='ltr'>in-</span> 
     </span>
     <span class='ocr_line' id='line_1_47' title="bbox 187 4215 2403 4288; baseline -0.002 -17"><span class='ocrx_word' id='word_1_556' title='bbox 187 4219 387 4287; x_wconf 62' lang='lat' dir='ltr'>telligas,</span> <span class='ocrx_word' id='word_1_557' title='bbox 408 4224 571 4271; x_wconf 78' lang='grc'><strong>11010111</strong></span> <span class='ocrx_word' id='word_1_558' title='bbox 588 4239 694 4272; x_wconf 80' lang='lat' dir='ltr'>esse</span> <span class='ocrx_word' id='word_1_559' title='bbox 716 4233 996 4288; x_wconf 71' lang='lat' dir='ltr'>potatorem,</span> <span class='ocrx_word' id='word_1_560' title='bbox 1020 4226 1094 4273; x_wconf 76' lang='lat' dir='ltr'>vel</span> <span class='ocrx_word' id='word_1_561' title='bbox 1112 4239 1376 4288; x_wconf 81' lang='lat' dir='ltr'>cauponem</span> <span class='ocrx_word' id='word_1_562' title='bbox 1400 4225 1473 4273; x_wconf 81' lang='lat' dir='ltr'>vel</span> <span class='ocrx_word' id='word_1_563' title='bbox 1490 4233 1808 4281; x_wconf 84' lang='lat' dir='ltr'>mercatorem,</span> <span class='ocrx_word' id='word_1_564' title='bbox 1831 4233 1914 4271; x_wconf 89' lang='lat' dir='ltr'>aut</span> <span class='ocrx_word' id='word_1_565' title='bbox 1935 4222 2153 4285; x_wconf 81' lang='lat' dir='ltr'>opificem</span> <span class='ocrx_word' id='word_1_566' title='bbox 2178 4215 2403 4278; x_wconf 63' lang='lat' dir='ltr'>ancujus*</span> 
     </span>
     <span class='ocr_line' id='line_1_48' title="bbox 187 4293 2376 4371; baseline -0.003 -22"><span class='ocrx_word' id='word_1_567' title='bbox 187 4298 392 4359; x_wconf 74' lang='grc'><strong>10101010,</strong></span> <span class='ocrx_word' id='word_1_568' title='bbox 400 4300 640 4352; x_wconf 78' lang='lat' dir='ltr'>videlieet</span> <span class='ocrx_word' id='word_1_569' title='bbox 664 4304 886 4368; x_wconf 82' lang='lat' dir='ltr'>pistorem</span> <span class='ocrx_word' id='word_1_570' title='bbox 921 4313 1006 4354; x_wconf 88' lang='lat' dir='ltr'>aut</span> <span class='ocrx_word' id='word_1_571' title='bbox 1026 4321 1229 4371; x_wconf 86' lang='lat' dir='ltr'>coquum</span> <span class='ocrx_word' id='word_1_572' title='bbox 1253 4314 1336 4355; x_wconf 91' lang='lat' dir='ltr'>aut</span> <span class='ocrx_word' id='word_1_573' title='bbox 1358 4314 1584 4356; x_wconf 78' lang='lat' dir='ltr'>textorern</span> <span class='ocrx_word' id='word_1_574' title='bbox 1615 4312 1699 4354; x_wconf 90' lang='lat' dir='ltr'>aut</span> <span class='ocrx_word' id='word_1_575' title='bbox 1717 4304 1980 4354; x_wconf 85' lang='lat' dir='ltr'>calceorum</span> <span class='ocrx_word' id='word_1_576' title='bbox 2003 4307 2205 4347; x_wconf 81' lang='lat' dir='ltr'>sutorem</span> <span class='ocrx_word' id='word_1_577' title='bbox 2227 4293 2376 4340; x_wconf 73' lang='lat' dir='ltr'>infec</span> 
     </span>
     <span class='ocr_line' id='line_1_49' title="bbox 188 4379 2376 4452; baseline -0.003 -24"><span class='ocrx_word' id='word_1_578' title='bbox 188 4385 425 4446; x_wconf 69' lang='grc'><strong>1111010000</strong></span> <span class='ocrx_word' id='word_1_579' title='bbox 445 4383 709 4432; x_wconf 82' lang='lat' dir='ltr'>coriorum:</span> <span class='ocrx_word' id='word_1_580' title='bbox 746 4400 836 4434; x_wconf 86' lang='lat' dir='ltr'>nee</span> <span class='ocrx_word' id='word_1_581' title='bbox 868 4386 1033 4434; x_wconf 81' lang='lat' dir='ltr'>mirum</span> <span class='ocrx_word' id='word_1_582' title='bbox 1066 4393 1156 4450; x_wconf 82' lang='lat' dir='ltr'>est,</span> <span class='ocrx_word' id='word_1_583' title='bbox 1174 4404 1284 4436; x_wconf 84' lang='lat' dir='ltr'>eum</span> <span class='ocrx_word' id='word_1_584' title='bbox 1317 4388 1399 4452; x_wconf 82' lang='lat' dir='ltr'>qui</span> <span class='ocrx_word' id='word_1_585' title='bbox 1435 4387 1543 4436; x_wconf 84' lang='lat' dir='ltr'>talis</span> <span class='ocrx_word' id='word_1_586' title='bbox 1581 4387 1658 4442; x_wconf 81' lang='lat' dir='ltr'>sit,</span> <span class='ocrx_word' id='word_1_587' title='bbox 1682 4385 1828 4433; x_wconf 80' lang='lat' dir='ltr'>videri</span> <span class='ocrx_word' id='word_1_588' title='bbox 1861 4379 2068 4442; x_wconf 83' lang='lat' dir='ltr'>corporis</span> <span class='ocrx_word' id='word_1_589' title='bbox 2099 4380 2376 4427; x_wconf 75' lang='lat' dir='ltr'>curatorem.</span> 
     </span>
    </p>
   </div>
   <div class='ocr_carea' id='block_1_5' title="bbox 188 4449 2378 4598">
    <p class='ocr_par' dir='ltr' id='par_1_5' title="bbox 188 4449 2378 4598">
     <span class='ocr_line' id='line_1_50' title="bbox 188 4449 2378 4583; baseline 0.005 -73"><span class='ocrx_word' id='word_1_590' title='bbox 188 4465 277 4508; x_wconf 81' lang='grc'><strong>10111</strong></span> <span class='ocrx_word' id='word_1_591' title='bbox 305 4461 398 4510; x_wconf 81' lang='lat' dir='ltr'>sibi</span> <span class='ocrx_word' id='word_1_592' title='bbox 419 4478 560 4526; x_wconf 86' lang='lat' dir='ltr'>quam</span> <span class='ocrx_word' id='word_1_593' title='bbox 581 4464 685 4513; x_wconf 84' lang='lat' dir='ltr'>aliis</span> <span class='ocrx_word' id='word_1_594' title='bbox 719 4465 1058 4529; x_wconf 72' lang='lat' dir='ltr'>ignorantibus,</span> <span class='ocrx_word' id='word_1_595' title='bbox 1081 4483 1184 4518; x_wconf 85' lang='lat' dir='ltr'>esse</span> <span class='ocrx_word' id='word_1_596' title='bbox 1207 4476 1429 4534; x_wconf 66' lang='lat' dir='ltr'>proterea</span> <span class='ocrx_word' id='word_1_597' title='bbox 1450 4476 1598 4517; x_wconf 83' lang='lat' dir='ltr'>artem</span> <span class='ocrx_word' id='word_1_598' title='bbox 1618 4465 1856 4530; x_wconf 77' lang='lat' dir='ltr'>quandam</span> <span class='ocrx_word' id='word_1_599' title='bbox 1874 4473 1937 4521; x_wconf 73' lang='grc'>81</span> <span class='ocrx_word' id='word_1_600' title='bbox 1943 4449 2378 4583; x_wconf 53' lang='grc' dir='ltr'>Μωκέωὲῑῖ“</span> 
     </span>
     <span class='ocr_line' id='line_1_51' title="bbox 302 4542 1367 4598; baseline 0.007 -7"><span class='ocrx_word' id='word_1_601' title='bbox 302 4542 436 4592; x_wconf 79' lang='lat' dir='ltr'>Plar.</span> <span class='ocrx_word' id='word_1_602' title='bbox 474 4543 556 4595; x_wconf 75' lang='lat' dir='ltr'>Tr.</span> <span class='ocrx_word' id='word_1_603' title='bbox 1321 4549 1367 4598; x_wconf 83' lang='lat' dir='ltr'>I.</span> 
     </span>
    </p>
   </div>
   <div class='ocr_carea' id='block_1_6' title="bbox 2894 13 2897 1485">
    <p class='ocr_par' dir='ltr' id='par_1_6' title="bbox 2894 13 2897 1485">
     <span class='ocr_line' id='line_1_52' title="bbox 2894 13 2897 1485; baseline 0 0"><span class='ocrx_word' id='word_1_604' title='bbox 2894 13 2897 1485; x_wconf 95' lang='lat' dir='ltr'> </span> 
     </span>
    </p>
   </div>
  </div>
 </body>
</html>
