2917 4975
517 464 634 523 394
1416 447 1824 511 Pm‘roms
2571 439 2725 520 [³05

523 610 755 669 Quisnam
775 609 884 658 arti·
906 610 1122 671 expertes
1144 602 1433 669 profecturo
1452 599 1616 664 reique
1637 596 1845 646 militaris
1865 593 2018 643 omnis
2041 592 2254 643 actiones
2277 592 2489 642 dixerit?
2554 589 2717 642 Hos».

526 690 820 740 Facultatem
843 702 951 736 vero
987 685 1136 745 illam,
1169 698 1276 747 qum
1315 679 1629 730 consultando
1671 677 1925 742 prudenter
1959 673 2216 724 deliberare
2251 680 2426 738 potest,
2447 671 2723 737 quibuscum

526 770 705 821 bellum
729 768 986 833 gerendum
1006 764 1069 814 sit
1088 764 1162 812 vel
1187 777 1280 827 pax
1304 760 1533 817 ineunda,
1556 758 1771 821 nunquid
1794 757 1855 804 ab
1872 771 1931 804 ea
1950 754 2181 804 diversam
2199 768 2262 803 an
2282 753 2483 802 eandem
2514 767 2624 801 cum
2645 751 2726 800 illa

528 849 831 914 putabimus?
897 847 987 895 80.
1020 843 1302 892 Diversam:
1333 840 1375 888 si
1414 839 1467 887 iu
1499 838 1814 901 superioribus
1846 842 2038 886 stamus.
2074 835 2223 899 [806]
2256 833 2423 883 Hosr.
2453 831 2649 888 Nonne,
2685 830 2729 880 si

532 928 823 995 superiorum
844 924 1073 975 rationem
1093 922 1350 986 sequimur,
1370 921 1495 967 banc
1515 933 1623 982 qum
1643 918 1706 966 de
1742 917 1868 966 bello
1888 915 2145 972 consultat,
2164 914 2234 963 illi
2260 929 2370 978 qum
2397 911 2572 962 bellum
2593 911 2733 976 gerit,

527 1007 762 1057 dominari
814 1005 1061 1056 dicemus?
1125 1002 1215 1052 80.
1248 1000 1314 1048 Et
1356 998 1504 1048 istud.
1570 996 1735 1046 Hosr.
1768 997 1924 1054 Quam
1968 1010 2076 1044 vero
2118 993 2415 1058 potissimum
2456 992 2728 1042 facultatem

530 1087 663 1145 vere,
689 1096 857 1150 preter
892 1084 1065 1148 regiam
1097 1081 1308 1131 civilium
1339 1078 1659 1143 disciplinm,
1691 1083 1787 1123 tam
1826 1075 2123 1139 amplissimo
2155 1074 2590 1139 potentissimoque
2620 1074 2730 1136 arti,

529 1167 600 1216 rei
639 1166 822 1215 scilicet
863 1161 1053 1212 militari
1095 1160 1308 1210 universe
1361 1158 1592 1222 imperare
1645 1155 1893 1205 dicemus?
1959 1154 2047 1203 80.
2079 1154 2275 1204 Nullam
2329 1171 2517 1218 prorsus
2568 1155 2726 1205 aliam.

531 1247 698 1296 Hosr.
727 1244 985 1295 scientiam
1007 1240 1153 1307 igitur
1172 1256 1354 1301 eorum,
1388 1238 1475 1303 qui
1496 1239 1679 1285 ducunt
1700 1235 1946 1291 exercitus,
1967 1249 2073 1283 cum
2096 1235 2290 1283 obediat
2308 1243 2360 1282 et
2380 1236 2552 1283 serviat
2569 1235 2726 1291 alteri,

534 1327 902 1389 haudquaquam
923 1320 1112 1371 civilem
1135 1317 1284 1383 ipsam
1307 1334 1409 1367 csse
1430 1315 1675 1365 scientiam
1697 1313 2041 1362 affirmabimus.
2106 1312 2189 1360 80.
2223 1312 2369 1362 Haud
2389 1329 2503 1362 sane
2521 1315 2733 1364 deceret.

534 1405 700 1455 Hosr.
733 1403 842 1467 Age
858 1402 960 1466 jam
985 1409 1252 1466 praetorum,
1274 1397 1357 1463 qui
1371 1396 1503 1461 juste
1542 1395 1728 1460 singula
1743 1393 1984 1459 judicant,
2015 1392 2278 1457 potentiam
2307 1393 2580 1458 cogitemus.
2645 1394 2738 1444 80.

535 1484 833 1549 Cogitemus.
902 1481 1066 1530 Hose.
1096 1478 1329 1543 Nunquid
1366 1477 1489 1525 ultra
1520 1474 1899 1525 commerciorum
1929 1473 2040 1537 jura
2070 1471 2282 1538 legitima
2316 1473 2563 1525 auctoritas
2598 1474 2735 1524 illius

536 1563 823 1620 extenditur,
847 1568 902 1610 ut
921 1561 1043 1610 circa
1073 1560 1176 1607 haec
1209 1556 1478 1606 consideret
1508 1555 1624 1620 quid
1639 1553 1839 1618 justum,
1872 1553 1987 1617 quid
2024 1567 2140 1609 non,
2160 1559 2210 1601 ct
2239 1552 2300 1600 ad
2324 1567 2531 1601 nonnam
2554 1553 2731 1617 legum,

538 1659 662 1707 quas
677 1658 756 1692 rex
780 1641 883 1705 ipse
904 1638 1144 1703 condidit,
1161 1637 1432 1700 respiciens,
1455 1635 1518 1683 de
1539 1632 1736 1697 singulis
1751 1632 1958 1694 judicet,
1987 1631 2176 1695 propria
2201 1631 2372 1680 virtute
2391 1647 2577 1695 semper
2596 1633 2735 1681 adhi-

538 1722 659 1779 bita,
681 1736 765 1784 per
784 1735 927 1784 quam
948 1734 1105 1783 neque
1126 1717 1397 1766 muneribus
1417 1730 1576 1779 neque
1596 1714 1735 1762 minis
1758 1728 1912 1777 neque
1932 1711 2409 1761 commiserationibus
2430 1728 2589 1777 neque
2620 1712 2736 1762 odio

538 1815 694 1864 neque
716 1815 871 1848 amore
889 1800 1017 1863 leges
1039 1796 1433 1861 transgrediantur
1446 1801 1498 1843 et
1516 1802 1682 1858 proter
1691 1792 1773 1856 jus
1786 1792 1987 1840 alternas
2000 1806 2164 1841 causas
2181 1791 2436 1839 dirimant?
2499 1791 2586 1844 So.
2619 1791 2736 1841 No·

537 1880 668 1928 aliud
691 1889 834 1938 certe,
856 1895 997 1944 quam
1020 1894 1151 1928 nunc
1174 1878 1259 1926 ebs
1281 1885 1329 1925 te
1349 1877 1550 1932 dictum,
1563 1874 1742 1938 judicis
1764 1882 1837 1922 est
1857 1870 2081 1922 officium.
2144 1870 2307 1920 Hosr.
2338 1871 2541 1921 Constat
2557 1872 2739 1936 itaque,

537 1958 633 2008 vim
662 1959 882 2022 judicum
920 1974 1019 2007 non
1049 1973 1151 2007 esse
1186 1957 1360 2020 regiam
1396 1954 1709 2019 majestatem,
1749 1953 1891 2001 immo
1924 1959 1975 2001 et
2009 1951 2166 2015 legum
2197 1951 2479 2009 custodiam,
2518 1951 2737 2016 regisque

540 2038 889 2102 pedissequam.
954 2030 1040 2085 80.
1073 2037 1308 2100 Apparet.
1371 2034 1535 2084 Hoss».
1578 2033 1811 2098 Quisquis
1829 2040 1969 2095 artes,
2005 2047 2122 2097 quas
2143 2032 2516 2089 memoravimus,
2537 2040 2738 2082 cunctas

541 2118 921 2176 consideraverit,
942 2117 1149 2182 cogitare
1170 2117 1317 2166 debet
1334 2130 1494 2165 earum
1517 2114 1695 2163 nullam
1717 2128 1821 2162 esse
1841 2112 2046 2171 civilem,
2067 2127 2208 2177 quam
2229 2111 2500 2176 quaerimus,
2517 2112 2736 2177 discipli-

543 2213 687 2247 nam:
721 2198 902 2264 quippe
925 2213 1036 2247 cum
1058 2190 1196 2263 regim
1217 2195 1479 2261 majestatis
1510 2194 1715 2245 officium
1748 2194 1829 2251 sit,
1862 2208 1958 2242 non
1997 2201 2050 2241 ut
2082 2192 2186 2256 ipsa
2203 2192 2396 2256 quidem
2418 2200 2547 2256 agat,
2578 2193 2664 2242 sed
2686 2202 2743 2242 nt

544 2294 684 2344 agere
705 2279 977 2343 potentibus
999 2278 1217 2344 imperet,
1249 2283 1602 2341 cognoscatque
1622 2273 1905 2339 principium
1941 2280 2084 2338 atquc
2117 2288 2408 2336 progressum
2430 2288 2614 2335 eorum,
2632 2289 2743 2338 qu·

543 2358 597 2408 in
617 2359 809 2409 civitate
829 2367 941 2409 sunt
960 2360 1180 2421 maxima,
1200 2357 1377 2423 quidve
1395 2357 1620 2406 decorum
1640 2363 1692 2407 et
1713 2362 2029 2419 opportunum
2049 2354 2128 2411 sit,
2143 2353 2257 2417 quid
2275 2360 2470 2402 contra:
2490 2351 2610 2402 alias
2629 2368 2741 2402 seso

545 2439 793 2489 facultates
807 2436 945 2504 jussa
964 2453 1208 2505 capessere
1229 2446 1278 2488 et
1299 2437 1523 2487 mandata
1556 2435 1836 2501 transigere.
1861 2435 1949 2484 So.
1984 2433 2194 2499 Optime.
2227 2431 2394 2482 Hos».
2422 2433 2742 2492 Quamohem

545 2528 668 2569 artes
686 2520 798 2579 illm,
817 2536 936 2585 quas
971 2520 1114 2570 modo
1144 2519 1449 2576 narravimus,
1482 2533 1591 2567 cum
1626 2532 1781 2582 neque
1817 2515 2095 2579 suiipsarum
2125 2530 2281 2579 neque
2312 2514 2522 2564 invicem
2538 2514 2747 2563 domin·

545 2598 659 2655 sint,
698 2600 782 2648 sed
820 2599 1017 2663 singulte
1049 2599 1251 2664 propriis
1284 2598 1566 2663 quibusdam
1602 2597 1877 2647 incumbent
1912 2596 2152 2661 operibus,
2184 2594 2349 2644 merito
2383 2611 2443 2644 ea
2477 2594 2748 2644 actionibus

545 2677 747 2741 propriis
801 2679 989 2742 propria
1033 2678 1208 2726 sortite
1249 2687 1360 2727 sunt
1402 2679 1613 2727 nomina.
1679 2678 1769 2727 80.
1799 2677 2033 2742 Apparet.
2097 2675 2261 2725 Hosr.
2294 2674 2413 2724 Eam
2453 2691 2584 2734 vero,
2633 2690 2745 2740 qum

546 2755 732 2806 cunctis
767 2757 841 2805 his
880 2756 1118 2820 pra-sidet,
1153 2758 1406 2823 legumque
1438 2765 1492 2807 et
1527 2758 1755 2815 omnium,
1790 2772 1898 2822 qum
1933 2756 1984 2806 in
2015 2756 2207 2805 civitate
2249 2762 2378 2813 sunt,
2410 2771 2570 2805 curam
2600 2757 2749 2806 babet

545 2837 797 2901 omniaque
820 2838 1051 2896 contexit,
1084 2838 1248 2886 merito
1269 2838 1511 2887 communi
1543 2837 1869 2903 appellatione
1902 2837 2353 2902 comprehendentes
2381 2835 2572 2886 civilem
2591 2835 2749 2886 scien·

548 2916 663 2964 tiam
684 2918 1076 2982 nuncupabimus.
1142 2918 1230 2967 So.
1265 2918 1493 2967 Omnino.
1556 2918 1724 2968 Hose.
1756 2916 1989 2983 Nunquid
2011 2918 2064 2966 in
2087 2917 2613 2981 prasentiasecundum
2641 2923 2751 2965 tea·

548 2996 682 3045 toriae
703 2997 940 3048 facultatis
959 2998 1224 3064 exemplum
1246 2997 1376 3048 illam
1414 3014 1677 3063 percurrere
1699 2998 1929 3056 volumus,
1951 3005 2200 3062 postquam
2221 2997 2398 3054 omnia,
2419 3012 2528 3060 qum
2560 2997 2612 3045 in
2633 2997 2754 3047 civi-

549 3065 648 3125 tate
669 3084 801 3135 sunt,
819 3092 993 3143 genera
1023 3079 1364 3141 patefecimus?
1429 3079 1516 3129 So.
1551 3077 1783 3128 Maxime.
1846 3078 2009 3128 Hosr.
2043 3076 2394 3127 Declarandum
2423 3077 2670 3142 deinceps,
2691 3085 2750 3126 ut

551 3156 754 3217 videtur,
775 3174 883 3222 qum
907 3157 1054 3224 [⁸06]
1077 3159 1139 3207 ait
1159 3159 1421 3226 complexio
1442 3159 1592 3223 negiu,
1610 3167 1658 3208 et
1679 3175 1777 3223 qua
1795 3158 1977 3208 ratione
1998 3157 2251 3221 complicet
2271 3165 2512 3222 texstque,
2528 3158 2745 3222 qualem-

551 3251 645 3301 que
668 3245 895 3288 texturam
911 3238 1048 3286 nobis
1069 3238 1258 3288 efficiat.
1322 3239 1410 3290 So.
1444 3238 1526 3287 Sic
1547 3246 1636 3288 est.
1699 3237 1865 3288 Hosr.
1896 3236 1997 3287 Res
2016 3239 2207 3302 quidem
2228 3238 2550 3287 demonstratu
2571 3237 2746 3287 diffici-

551 3314 609 3361 lis
635 3333 647 3362 ε
682 3318 785 3373 scd,
807 3319 1031 3381 quoniam
1054 3319 1312 3368 neccssaria
1346 3319 1448 3367 visa
1468 3327 1564 3376 est,
1580 3335 1666 3383 pro
1688 3318 1862 3366 viribus
1884 3318 2165 3366 declaranda
2185 3319 2388 3368 videt-ur.
2449 3318 2597 3377 Quod
2615 3317 2748 3368 enim

552 3394 736 3444 virtutis
759 3413 863 3460 pars
884 3415 916 3448 a
939 3399 1100 3464 specie
1122 3401 1307 3449 virtutis
1328 3401 1595 3458 dissentiet,
1616 3400 1756 3449 facile
1780 3405 1936 3463 potest
1955 3400 2176 3448 adversus
2199 3400 2447 3448 multorum
2469 3399 2753 3464 ophione-

552 3488 581 3522 a
603 3476 909 3526 contentiosis
928 3477 1195 3528 hominibus
1218 3481 1416 3544 probari.
1484 3480 1571 3530 So.
1605 3479 1750 3530 Haud
1773 3478 2007 3543 intelligo.
2071 3478 2236 3529 Hosr.
2268 3478 2347 3527 Sic
2363 3479 2484 3528 forte
2497 3480 2756 3545 intelliges.

550 3555 894 3605 Fortitudinem
916 3560 1123 3609 arbitrari
1146 3568 1193 3610 te
1215 3569 1330 3625 puto
1352 3568 1532 3625 partem
1567 3561 1771 3626 aliquam
1792 3560 1977 3609 viantis
2005 3575 2124 3610 esse.
2188 3560 2276 3608 80.
2305 3559 2520 3608 Ponitur.
2589 3560 2756 3610 Ηοοι».

554 3636 932 3702 Temperantiam
951 3646 1107 3687 autem
1131 3655 1161 3688 a
1179 3640 1458 3690 fortitudine
1479 3657 1581 3691 esse
1603 3642 1852 3699 diversam,
1873 3656 1979 3690 esse
1997 3649 2152 3690 tamen
2164 3638 2379 3703 ejusdem
2395 3647 2598 3705 partem,
2612 3641 2753 3704 cujus

550 3725 625 3767 est
644 3717 891 3766 fortitudo.
955 3717 1040 3766 So.
1073 3717 1166 3768 Ita.
1232 3718 1396 3770 Hos».
1430 3721 1610 3770 Mirum
1631 3722 1865 3787 quendam
1887 3722 1949 3770 de
1968 3722 2041 3769 his
2057 3735 2315 3769 sermonem
2338 3719 2545 3783 proferre
2566 3721 2748 3769 aude-

551 3798 683 3846 dum.
748 3796 832 3846 80.
867 3796 1062 3853 Quem?
1128 3798 1291 3848 Hos».
1325 3801 1472 3859 Quod
1493 3803 1590 3850 duo
1612 3804 1714 3852 haec
1747 3801 2095 3867 quodammodo
2119 3800 2277 3848 multis
2312 3800 2367 3848 in
2387 3800 2636 3850 rehu-sibl
2671 3799 2756 3848 in-

551 3877 706 3926 vicem
728 3875 978 3941 plurimum
1003 3877 1322 3930 adversantur.
1388 3880 1476 3930 80.
1510 3881 1622 3938 Qua
1653 3882 1834 3931 ratione
1866 3882 1917 3930 id
1949 3880 2056 3929 ais?
2120 3879 2282 3928 Hosn.
2314 3879 2590 3928 Inauditum
2623 3881 2754 3929 boc:

550 3956 784 4020 siquidem
825 3964 979 4020 partes
1023 3958 1208 4007 virtutis
1248 3976 1409 4010 omnes
1454 3970 1619 4010 mutua
1657 3962 1860 4012 invicem
1902 3961 2111 4011 amicitia
2150 3959 2316 4010 vinciri
2357 3960 2599 4012 dicuntur.
2666 3960 2761 4010 80.

551 4036 747 4101 Utique.
810 4035 974 4088 Hos».
1010 4038 1371 4089 Consideremus
1389 4042 1552 4106 itaque
1572 4040 1841 4107 diligenter,
1863 4049 2016 4091 utrum
2039 4042 2130 4090 hoc
2161 4040 2228 4089 ita
2249 4040 2449 4105 simplex
2471 4039 2558 4097 sit,
2572 4055 2635 4089 an
2656 4025 2754 4089 dif-

548 4108 795 4168 ferentiam
831 4117 993 4165 horum
1039 4120 1285 4168 maximam
1318 4121 1369 4168 in
1404 4123 1620 4187 cognatis
1653 4123 2004 4188 quodammodo
2041 4114 2231 4173 habeat.
2297 4121 2383 4170 So.
2418 4120 2628 4185 Nanpe.
2667 4120 2758 4170 sed

550 4200 698 4257 dicas,
719 4198 800 4247 ubi
823 4198 1232 4248 considerandum.
1299 4200 1464 4250 Hosr.
1497 4202 1555 4250 In
1591 4204 1824 4262 omnibus,
1856 4217 2152 4268 quaecunque
2187 4201 2381 4266 pulchre
2409 4215 2636 4249 vocatum
2657 4216 2675 4250 ε
2707 4208 2760 4249 et

551 4280 610 4327 ad
634 4280 752 4328 duas
771 4280 896 4329 inter
918 4295 968 4329 se
988 4279 1241 4330 contrarius
1264 4282 1446 4347 species
1468 4297 1526 4331 ea
1546 4284 1800 4334 referimus.
1868 4284 1956 4333 So.
1987 4283 2081 4332 Dic
2102 4281 2307 4347 apertius
2327 4280 2527 4344 aliquid.
2584 4279 2758 4329 Hosr.

550 4357 837 4408 Laudastine
858 4377 1067 4426 unquam
1086 4370 1170 4411 aut
1190 4363 1332 4412 ulium
1356 4364 1625 4413 laudantem
1649 4365 1823 4414 audisti
1845 4379 2044 4414 acumen
2070 4363 2461 4426 velocitatemque
2481 4359 2560 4409 vei
2580 4375 2753 4424 corpo·

556 4449 654 4483 rum
677 4438 751 4484 ve}
773 4439 1031 4491 animorum
1053 4442 1126 4490 vel
1149 4458 1337 4502 vocum,
1356 4444 1452 4493 sive
1476 4445 1639 4494 horum
1663 4445 1891 4510 iptorum,
1914 4461 1996 4495 scu
2034 4444 2177 4496 etiam
2198 4441 2574 4500 simulacrorum,
2614 4454 2758 4505 qun-

2899 744 2909 779 l
